1955 2677
974 102 998 140 6

185 227 283 278 pede
312 228 437 272 Mors,
471 232 510 265 ut
536 228 653 266 verbo
677 230 758 263 utar
784 226 1024 277 pervulgato,
1058 238 1184 275 regum
1219 231 1337 265 turres
1370 229 1491 278 pulsat
1525 232 1561 266 et
1587 240 1783 279 pauperum

188 307 375 352 tabernas3
404 317 524 355 neque
551 309 714 343 extremo
742 307 869 356 spiritu
889 304 1059 343 diversus
1086 317 1109 342 a
1135 305 1300 344 mendico
1328 307 1633 357 opulentissimus,
1660 320 1683 346 a
1707 312 1784 358 pri·

190 391 276 425 vato
312 386 378 424 vel
407 397 519 424 servo
553 397 639 422 rex:
679 384 746 422 sed
773 388 875 422 vitae
909 384 1106 422 commodis
1141 389 1178 422 et
1205 385 1458 430 incommodis,
1491 397 1610 424 rerum
1644 399 1786 425 suarum

188 464 361 502 subsidiis
398 469 435 502 et
469 469 605 502 eventu
640 463 783 501 distant.
842 464 1001 514 principi
1030 469 1162 514 quippe
1189 465 1369 503 natalibus
1402 466 1492 514 ipsis
1519 469 1690 502 immensa
1716 466 1785 503 ob-

188 545 293 593 tingit
319 555 528 593 magnorum
555 543 755 581 facinorum
785 546 821 580 et
849 544 977 591 generi
1004 542 1156 581 humano
1192 544 1285 582 bene
1319 542 1479 582 faciendi
1515 548 1623 595 copia
1656 547 1693 582 et
1726 543 1784 581 fa-

189 624 330 670 cultas,
359 635 403 661 ac
429 635 571 660 rursum
599 624 783 672 ignaviae,
810 623 991 670 luxuriae,
1019 627 1210 670 saevitiae,
1238 624 1409 660 malarum
1436 627 1562 660 artium
1590 624 1785 672 quarumli-

190 703 251 741 bet
278 704 443 748 licentia,
479 712 569 750 quas
597 703 807 752 plerumque
835 702 1002 740 videmus
1029 704 1171 753 impune
1206 703 1306 740 ferri.
1361 702 1463 740 Sane
1489 706 1560 739 tam
1587 704 1668 740 vitii
1694 703 1785 739 insi-

191 783 274 830 gnis
303 793 406 829 quam
427 783 571 819 virtutis
599 785 767 818 memoria
785 784 1009 831 propagatur
1036 781 1083 818 ad
1102 785 1291 832 posteros:
1319 780 1385 819 sed
1405 782 1700 819 immortalitatem
1717 792 1785 818 no-

190 864 294 898 minis
330 872 400 898 non
428 860 613 897 tribuimus
650 861 718 897 nisi
746 862 882 898 virtuti.
936 860 1042 898 Haec
1077 864 1134 898 est
1165 861 1280 898 altera
1307 859 1488 898 Friderici
1516 860 1686 898 Guilelmi
1720 861 1787 897 im-

190 941 407 984 mortalitas,
442 939 538 986 quod
576 941 655 975 eius
682 941 850 976 virtutem
884 951 956 975 non
983 940 1091 976 modo
1126 952 1194 976 nos
1223 940 1386 976 admirati
1413 951 1533 975 sumus
1569 944 1606 975 et
1632 939 1787 975 admira-

189 1032 278 1065 mur,
305 1017 373 1056 sed
400 1017 521 1055 futura
547 1016 809 1068 praedicabunt
836 1017 1003 1064 saecula3
1032 1016 1130 1067 quod
1158 1030 1249 1068 quae
1278 1017 1372 1056 domi
1391 1018 1608 1067 militiaeque
1636 1020 1787 1068 egregie

192 1099 329 1148 gessit,
365 1096 462 1133 haud
499 1098 612 1133 minus
647 1108 749 1145 quam
775 1096 956 1134 Friderioi
985 1096 1113 1145 Magni
1149 1097 1310 1144 ingentia
1345 1096 1509 1135 facinora
1543 1096 1718 1146 vigebunt
1752 1098 1788 1133 in

190 1178 360 1214 memoria
379 1176 557 1212 hominum
586 1179 623 1212 et
650 1176 695 1212 ab
723 1187 839 1213 rerum
859 1175 1068 1213 auctoribus
1095 1186 1229 1212 summa
1256 1186 1336 1211 cum
1362 1174 1472 1212 laude
1490 1174 1676 1213 tradentur
1701 1187 1787 1226 per-

190 1259 313 1306 petuo,
343 1253 462 1291 donee
490 1254 609 1291 bonae
638 1257 753 1299 artes,
781 1266 870 1302 quas
898 1257 997 1291 tanto
1026 1253 1122 1292 fovit
1149 1251 1281 1298 studio,
1309 1265 1381 1291 non
1408 1252 1662 1300 obsolescent3
1692 1253 1789 1302 quod

190 1345 356 1372 mansura
391 1333 537 1381 reliquit
574 1332 711 1382 populo
745 1344 833 1378 suo,
871 1331 1105 1378 Germaniae,
1140 1331 1314 1382 Europae
1350 1336 1544 1370 universae
1580 1334 1790 1383 optimorum

193 1413 426 1452 consiliorum
455 1410 671 1448 documenta
698 1416 735 1449 et
763 1413 976 1461 urgentibus
1005 1415 1169 1461 quamvis
1195 1412 1398 1461 praesentis
1423 1413 1596 1461 temporis
1622 1414 1789 1449 necessi-

191 1494 324 1529 tatibus
358 1491 536 1528 beneficia
572 1492 766 1536 eiusmodi,
804 1492 932 1540 quibus
966 1503 1037 1527 non
1073 1492 1190 1527 solum
1226 1491 1438 1539 aequalibus
1472 1490 1684 1540 prodesset,
1720 1492 1788 1529 sed

193 1573 299 1610 etiam
328 1571 497 1620 posteris,
525 1570 582 1618 qui
613 1571 843 1618 requiescent
870 1569 938 1607 sub
965 1569 1089 1607 umbra
1115 1568 1298 1615 arborum,
1333 1581 1422 1618 quas
1448 1573 1562 1615 sevit,
1591 1569 1789 1618 colligent-

192 1662 263 1700 que
291 1659 456 1694 messem,
485 1660 588 1696 quam
615 1650 815 1686 seminavit.
862 1649 990 1686 Tertio
1026 1649 1297 1685 immortalitatis
1324 1647 1441 1697 gradu
1468 1647 1591 1697 quidni
1620 1649 1787 1685 aestime-

192 1743 270 1767 mus
298 1730 543 1765 aeternitatem
571 1729 693 1778 stirpis
722 1732 758 1765 et
786 1730 950 1777 generis,
978 1740 1049 1777 quo
1078 1730 1192 1779 ipsum
1220 1727 1318 1777 quod
1345 1728 1497 1764 mortale
1524 1731 1580 1765 est
1606 1739 1789 1779 propaga-

194 1808 276 1846 tur?
333 1807 439 1845 Vivit
468 1810 505 1845 et
531 1808 636 1856 viget
663 1806 845 1845 Frideriei
864 1806 1035 1845 Guilelmi
1062 1808 1259 1857 progenies
1277 1807 1538 1853 florentissima,
1565 1806 1630 1844 filii
1658 1810 1695 1844 et
1722 1818 1788 1844 ne-

195 1894 315 1938 potes,
350 1887 405 1922 illi
443 1888 512 1922 iam
548 1898 643 1923 nunc
670 1886 833 1923 subsidia
859 1889 1014 1937 imperii,
1050 1887 1085 1923 hi
1123 1887 1207 1923 olim
1240 1890 1379 1936 patrum
1414 1886 1576 1922 secuturi
1609 1887 1788 1935 vestigia,

160 1952 161 1955 Ἴ
194 1977 345 2015 regnum
372 1967 533 2016 suscepit
560 1977 627 2016 par
653 1966 746 2015 patri
774 1965 886 2012 filius,
922 1977 1024 2015 quem
1060 1977 1155 2003 nunc
1192 1964 1371 2002 dominum
1403 1966 1562 2002 nostrum
1595 1966 1788 2002 serenissi-

194 2059 285 2083 mum
323 2044 421 2081 haud
448 2046 583 2081 minore
619 2058 722 2092 quam
748 2049 884 2094 patrem
912 2045 1152 2083 beatissimum
1186 2046 1320 2094 pietate
1346 2056 1578 2082 veneramur:
1613 2045 1673 2091 qui
1707 2045 1788 2081 vir-

197 2130 272 2160 tute
300 2125 407 2160 insita
434 2122 606 2159 tutabitur
632 2124 904 2173 rempublicam,
932 2129 1100 2161 comitate
1127 2129 1196 2161 iam
1223 2129 1306 2160 ante
1334 2125 1567 2174 principatum
1595 2124 1788 2160 universo-

199 2215 272 2238 rum
300 2201 369 2238 sibi
397 2203 531 2237 animos
560 2181 790 2248 conciliavit,
824 2202 1015 2253 prudentia
1048 2207 1085 2239 et
1118 2203 1340 2251 benignitate
1377 2202 1538 2239 omnibus
1573 2200 1696 2251 populi
1732 2203 1788 2238 sui

196 2278 499 2332 prosperitatibus
532 2283 677 2318 strenue
710 2280 930 2332 providebit.
986 2280 1086 2319 Sane
1121 2293 1222 2330 quam
1249 2293 1413 2332 magnum
1439 2281 1512 2318 hoc
1539 2282 1659 2318 tantae
1686 2281 1789 2319 cala-

197 2362 331 2400 mitatis
360 2359 528 2396 solatium
562 2363 599 2396 et
625 2359 792 2399 levamen
821 2361 960 2400 doloris
988 2365 1062 2408 est,
1090 2360 1187 2411 quod
1215 2362 1376 2412 Principi
1403 2363 1510 2399 unice
1538 2359 1675 2399 dilecto
1702 2371 1790 2398 suc-
