1955 2677
963 116 1016 154 10

193 244 386 282 amicorum
415 245 452 278 et
478 242 735 287 ministrorum,
761 241 1049 290 magistratuum,
1075 240 1242 285 militum,
1269 241 1403 279 civium
1425 245 1563 289 mentes
1588 247 1793 294 propagulo.

197 334 249 361 ex
275 331 409 359 summo
437 320 523 358 loco
550 319 643 357 haec
670 319 870 358 moderatio
898 323 971 367 est,
1008 331 1102 369 quae
1128 320 1212 358 sola
1237 331 1436 364 mansuram
1468 322 1605 372 populo
1632 322 1792 370 felicita,-

197 406 265 439 tem
300 399 515 449 pollicetur3
556 399 640 437 hinc
681 402 765 436 nata
797 400 1038 449 tranquillitas
1071 399 1238 449 publica,
1278 399 1478 448 aequabilis
1514 399 1656 449 quidm
1684 404 1793 452 regii

194 482 329 525 status,
366 480 506 528 quietus
534 490 651 516 rerum
679 490 808 516 cursus
836 482 873 516 et
898 490 1131 529 progressum
1158 489 1229 516 nec
1257 488 1434 529 praeceps
1462 482 1500 516 et
1525 481 1605 517 sine
1631 479 1791 529 ignavia.

196 557 278 604 Quo
308 571 412 607 quum
439 557 637 596 accederet
671 558 867 607 singularis
902 558 968 595 illa
1004 570 1095 607 erga
1129 568 1254 595 omnes
1288 558 1474 596 subiectos
1501 558 1674 597 voluutas
1708 560 1793 597 inti-

194 649 347 686 musque
387 647 516 673 sensus
550 637 834 674 benevolentiae
869 639 1090 686 comitasque
1131 640 1168 674 et
1198 648 1289 674 cum
1329 638 1516 674 maiestate
1554 637 1791 687 popularitas,

197 729 302 765 quum
330 718 365 752 in
391 716 541 765 imperio
569 714 850 753 administrando
886 728 958 753 non
985 728 1087 753 suum
1116 713 1345 753 commodum
1378 714 1447 753 sed
1480 715 1606 766 populi
1642 716 1795 755 salutem

196 799 404 845 quaereret,
447 807 549 843 quam
590 794 659 832 sibi
694 793 868 832 divinitus
904 797 1132 833 commissam
1166 794 1423 841 arbitrabatur,
1464 806 1569 843 quum
1605 799 1796 846 praeterea

196 887 269 913 non
298 887 365 912 suo
393 874 509 911 solius
537 873 673 912 iudicio
701 886 834 923 gerere
863 877 979 913 omnia
1007 875 1133 922 vellet,
1161 873 1229 912 sed
1259 872 1356 911 haud
1383 875 1519 912 invitus
1546 885 1613 912 eos
1639 874 1793 921 audiret,

197 956 256 1002 qui
293 957 329 990 in
364 964 508 1001 quoque
541 965 679 1001 genere
707 958 833 990 essent
859 956 1032 1002 spectati,
1067 964 1261 1000 eorumque
1290 953 1555 1002 obtemperaret
1582 952 1794 991 desideriis:

194 1031 234 1069 id
269 1030 367 1080 quod
402 1033 438 1068 in
471 1034 570 1068 tanta
605 1032 768 1081 potentia
801 1042 916 1081 aegre
949 1043 972 1068 a
1008 1041 1094 1068 sese
1129 1032 1295 1081 impetrat
1328 1031 1501 1081 princeps
1533 1032 1603 1068 nisi
1639 1033 1700 1080 qui
1733 1032 1794 1069 uni

196 1112 328 1148 rationi
355 1112 507 1160 obsequi
526 1111 752 1148 constituerit
778 1109 874 1161 apud
901 1121 943 1147 se
971 1110 1190 1148 firmissime:
1219 1110 1353 1156 effecit,
1381 1112 1420 1147 ut
1447 1122 1520 1147 non
1547 1109 1655 1148 modo
1682 1110 1795 1150 facile

194 1188 354 1224 ferretur
380 1189 575 1225 dominatio
603 1189 714 1225 nullis
741 1189 821 1225 fere
847 1190 985 1237 pactis,
1022 1189 1133 1224 nullis
1161 1190 1231 1224 nisi
1259 1200 1348 1236 quas
1375 1190 1456 1237 ipse
1483 1189 1587 1225 solus
1614 1189 1700 1228 Rex
1727 1189 1794 1227 nle—

197 1265 312 1304 disset
339 1268 486 1316 legibus
514 1268 798 1317 circumscripta,
825 1266 894 1304 sed
921 1271 960 1304 ut
986 1279 1121 1303 summa
1148 1267 1323 1304 existeret
1348 1267 1572 1318 reipublicae
1599 1269 1796 1306 universae

198 1345 409 1390 concordia,
437 1358 509 1383 non
537 1358 690 1395 unquam
718 1347 786 1382 nisi
812 1346 973 1383 fortuitis
1001 1349 1038 1382 et
1066 1346 1168 1394 quasi
1195 1344 1348 1383 ludicris
1375 1346 1534 1384 urbanae
1561 1346 1795 1385 multitudinis

199 1426 439 1463 concursibus
466 1425 627 1472 turbata,
656 1429 693 1463 et
719 1429 840 1462 mutua
868 1425 986 1473 Regis
1013 1425 1211 1475 populique
1237 1426 1382 1471 caritas,
1410 1437 1480 1474 qua
1507 1437 1657 1480 regnum
1683 1427 1795 1465 multo

197 1504 331 1541 firmius
360 1506 564 1542 continetur
592 1517 696 1554 quam
722 1505 862 1543 viribus
890 1505 1136 1550 exercituum3
1173 1508 1212 1541 ut
1247 1505 1398 1541 sentiret
1431 1508 1539 1553 atque
1572 1505 1796 1555 intelligeret

196 1584 354 1633 populus
383 1596 483 1620 suam
513 1584 666 1621 salutem
701 1595 724 1621 a
750 1584 867 1632 Regis
897 1584 1016 1620 salute
1044 1582 1161 1620 dividi
1188 1594 1261 1621 non
1287 1595 1419 1634 posse3
1456 1587 1495 1620 ut
1520 1583 1607 1621 Rex
1634 1587 1704 1620 tam
1731 1596 1794 1623 se-

197 1674 307 1701 curus
342 1664 436 1700 inter
469 1663 640 1713 populum
673 1665 769 1699 iusta
801 1663 969 1700 libertate
1002 1663 1177 1699 fruentem
1212 1661 1365 1711 degeret
1399 1675 1502 1712 quam
1536 1639 1795 1712 paterfamilias

197 1743 291 1779 inter
318 1742 436 1779 bonos
464 1742 620 1788 liberos,
656 1741 811 1791 denique
839 1746 877 1778 ut
904 1743 1003 1792 ipsas
1031 1753 1096 1779 eas
1124 1743 1354 1792 provincias,
1390 1752 1482 1790 quae
1510 1746 1646 1779 eventu
1671 1742 1794 1780 bello-

199 1833 273 1857 rum
302 1833 434 1859 recens
461 1825 712 1867 accesserant,
749 1822 786 1857 in
822 1820 974 1858 eundem
1011 1821 1111 1858 illum
1139 1820 1299 1858 traheret
1326 1820 1794 1860 voluntatmn·conseusum

199 1903 394 1951 regiaeque
413 1903 558 1940 virtutis
586 1912 752 1946 amorem,
779 1902 1033 1947 reverentiam,
1061 1878 1340 1939 admirationem.
1393 1900 1462 1937 His
1490 1901 1625 1938 artibus
1652 1905 1792 1950 gestum

197 1983 257 2017 est
290 1980 460 2029 quidquid
501 1992 567 2031 per
608 1985 683 2018 tres
724 1984 761 2017 et
798 1979 1037 2029 quadraginta
1070 1982 1176 2029 regni
1210 1991 1325 2017 annos
1358 1982 1475 2029 gessit
1508 1980 1620 2017 Pater
1652 1982 1792 2031 patriae

198 2059 495 2107 gloriosissimus.

358 2137 575 2175 Fridericus
603 2137 806 2174 Guilelmus
833 2137 981 2174 Tertius
1016 2149 1091 2187 quo
1112 2141 1208 2174 statu
1239 2142 1425 2188 paternum
1458 2149 1607 2187 regnum
1634 2148 1792 2188 accepe-

200 2216 264 2261 rit,
299 2216 430 2253 nemini
466 2228 534 2254 nec
570 2218 751 2254 seniorum
785 2227 855 2254 nec
890 2218 1064 2253 iuniorum
1100 2218 1260 2266 ignotum
1293 2220 1360 2253 est.
1415 2216 1609 2265 Postquam
1636 2228 1793 2258 summae

198 2305 316 2331 rerum
353 2296 489 2345 potitus
529 2300 584 2331 est
616 2296 718 2343 Rex,
760 2297 864 2334 cuius
899 2295 1123 2346 praeclaram
1164 2294 1322 2333 indolem
1357 2295 1585 2332 Fridericum
1618 2295 1792 2346 Magnum

196 2385 284 2413 esse
311 2378 522 2422 auguratum
551 2377 712 2420 constat,
747 2387 865 2413 mores
900 2377 1080 2422 correxit,
1117 2376 1218 2414 vires
1253 2376 1384 2413 aerarii
1420 2374 1539 2423 bello,
1574 2376 1791 2426 cuiusssipse
