1955 2677
937 127 992 165 16

165 264 333 289 summam
374 251 607 287 institutionis
642 249 813 299 publicae
854 262 975 286 curam
1018 229 1307 310 dffidaverat
1340 250 1425 287 Rex
1462 252 1766 302 sapientissimus,

168 343 216 368 ex
245 341 311 378 quo
340 329 495 377 intelligi
523 332 654 378 potest,
683 328 848 377 quaIIbus
876 330 978 375 viris,
1007 339 1077 377 quo
1110 329 1268 378 ingenio,
1298 340 1367 377 qua
1394 330 1447 365 rei
1471 330 1671 368 *litterariae
1697 340 1767 381 pe-

168 411 266 453 ritia,
303 420 374 456 quo
403 407 565 445 candore
594 408 699 444 animi
726 406 918 457 praeditis,
955 407 1110 456 denique
1146 419 1249 455 quam
1278 407 1449 445 civilibus
1477 407 1767 456 indulgentibus-

166 498 235 536 que
270 485 364 523 hanc
400 488 623 536 provinciam
659 486 868 523 tradendam
911 497 995 523 esse
1031 487 1115 523 Rex
1152 486 1378 523 beatissimus
1421 478 1614 524 censuerit.
1687 483 1768 523 Sed

166 566 274 602 huius
305 577 447 613 quoque
483 567 553 601 viri
581 567 881 614 praestantissimi
916 565 1024 601 funus
1052 568 1256 615 nuperrime
1285 565 1450 601 duximus
1486 577 1557 602 non
1594 567 1673 601 sine
1710 566 1767 601 la-

168 646 299 681 crimis.
353 645 403 678 At
431 644 612 680 Friderici
642 644 814 681 Guilelmi
841 645 1014 694 auspiciis
1042 643 1229 682 academia
1258 648 1425 693 utraque,
1460 648 1497 681 et
1525 643 1768 681 doctrinarum

168 728 204 759 et
231 725 375 767 artium,
411 722 538 758 melius
568 724 762 759 constituta
790 727 863 768 est;
898 726 1092 772 apparatus
1122 724 1236 759 omnis
1266 723 1423 771 generis,
1462 722 1663 771 disciplinis
1691 725 1767 759 tra-

168 800 310 839 ctandis
344 802 563 846 necessarii,
601 801 787 838 lectissimi
817 803 1130 852 copiosissimiqne
1158 803 1377 851 comparati3
1412 802 1668 839 universitates
1707 801 1766 838 lit-

166 883 322 917 terariae
351 884 387 916 et
416 884 564 917 veteres
592 882 780 917 restitutae
809 881 1008 929 meliusque
1036 882 1252 926 instructae,
1288 884 1325 917 et
1356 891 1478 918 novae
1516 891 1560 917 ac
1598 880 1767 917 celeber-

167 961 277 995 rimae
311 968 441 1005 magno
480 962 620 1008 sumptu
657 958 844 1003 conditae,
881 970 981 994 novo
1018 958 1097 993 sere
1131 970 1176 994 ac
1213 957 1449 994 saluberrimo
1486 959 1646 994 instituto
1682 957 1767 995 Rex

167 1039 201 1072 in
243 1038 323 1086 ipsa
364 1038 468 1084 regui
511 1034 601 1072 sede
642 1039 799 1072 nostram
841 1035 1045 1073 collocavit
1085 1036 1376 1081 universitatem,
1417 1047 1486 1073 nec
1526 1036 1613 1073 loco
1653 1037 1768 1073 minus

168 1116 388 1165 conspicuo,
431 1113 498 1150 sed
531 1115 566 1150 in
602 1115 689 1152 vico
726 1114 825 1151 urbis
863 1114 1102 1151 celeberrimo
1139 1117 1175 1150 et
1210 1116 1457 1161 ornatissimo,
1499 1114 1566 1151 sed
1607 1117 1641 1151 in
1678 1127 1766 1166 pro-

166 1197 262 1231 xima
291 1194 418 1230 domus
446 1204 536 1229 suae
565 1195 701 1230 vicinia
738 1197 775 1229 et
810 1195 845 1229 in
882 1205 950 1229 suo
979 1195 1092 1242 ipsius
1119 1196 1337 1242 prospectu,
1372 1193 1440 1229 sed
1469 1195 1503 1229 in
1532 1193 1683 1231 aedibus
1710 1194 1767 1231 his

166 1275 299 1322 regiis,
335 1285 423 1320 quas
460 1270 653 1320 splendide
689 1273 889 1307 instaurare
923 1272 1100 1321 proximis
1137 1271 1384 1321 superioribus
1426 1273 1528 1309 annis
1562 1272 1766 1311 inchoavit:

166 1357 273 1401 atque
302 1355 340 1388 ut
367 1361 542 1396 summae,
580 1362 650 1400 qua
684 1351 825 1387 litteras
861 1350 1049 1400 amplexus
1078 1352 1152 1396 est,
1187 1351 1347 1388 caritatis
1382 1349 1598 1388 documenta
1633 1355 1766 1398 essent,

167 1437 205 1469 et
240 1434 397 1467 nostram
432 1431 703 1466 universitatem
740 1433 776 1466 et
810 1429 936 1466 almam
967 1428 1174 1466 Rhenanam
1207 1430 1263 1464 sui
1300 1429 1419 1466 voluit
1454 1439 1538 1466 esse
1576 1433 1766 1478 cognomi-

167 1522 243 1548 nes.
298 1510 427 1557 Itaque
463 1511 503 1545 ut
538 1508 708 1546 Graecae
744 1509 828 1545 olim
866 1510 1035 1546 civitates
1075 1508 1286 1545 conditores
1320 1519 1408 1544 suos
1442 1507 1601 1545 heroicis
1637 1509 1765 1547 colue—

165 1593 248 1627 runt
276 1588 493 1632 honoribus,
529 1599 621 1636 quac
650 1588 802 1637 religio,
837 1599 928 1636 quae
963 1588 1098 1636 pietas,
1135 1598 1227 1636 quae
1264 1588 1454 1624 veneratio
1488 1591 1612 1624 nostra
1645 1591 1766 1636 potest

166 1671 266 1705 tauta
294 1678 396 1712 esse,
426 1667 509 1714 quin
537 1677 662 1715 parum
690 1664 911 1715 respondeat
938 1665 1118 1703 Friderici
1148 1665 1335 1711 Guilelmi,
1371 1665 1493 1703 herois
1522 1667 1652 1711 nostri,
1686 1668 1766 1703 ani-

166 1760 245 1784 mae
273 1746 503 1784 beatissimae
532 1745 693 1793 gratibus
721 1744 1008 1794 persolvendis?
1064 1745 1262 1794 Gymnasia
1290 1756 1432 1793 quoque
1467 1749 1504 1781 et
1532 1745 1681 1782 scholas
1708 1745 1764 1782 his

171 1827 362 1864 inferiores
397 1824 568 1862 subsidiis
602 1825 705 1861 auxit
742 1823 839 1861 haud
874 1825 1040 1873 exiguis,
1075 1829 1113 1862 et
1149 1825 1345 1875 populares
1381 1836 1620 1874 paganosque
1656 1825 1763 1862 ludos

169 1905 278 1942 condi
305 1907 409 1942 iussit
436 1905 628 1954 plurimoS,
664 1904 700 1938 in
737 1904 864 1951 quibus
902 1904 1047 1953 plebeia
1082 1908 1118 1940 et
1152 1906 1287 1940 rustica
1320 1902 1507 1939 multitudo
1537 1902 1764 1943 Christianae

165 1984 252 2022 fidei
281 1986 483 2035 praeceptis
511 1984 706 2033 primisque
734 1982 931 2019 litterarum
959 1982 1168 2019 rudimentis
1196 1984 1457 2029 institueretur,
1494 1994 1567 2020 non
1600 1983 1664 2021 ille
1692 1995 1762 2033 quo

164 2064 406 2114 imperitiores
440 2062 600 2098 homines
638 2066 779 2107 essent,
821 2061 887 2098 sed
931 2074 1000 2110 quo
1037 2062 1229 2108 cultiores,
1265 2062 1410 2099 facilius
1446 2063 1527 2110 regi
1560 2062 1762 2099 arbitratus.

170 2144 308 2179 Artium
348 2147 465 2179 autem
508 2141 627 2177 cultus
669 2144 889 2190 quantopere
930 2141 1003 2179 hoc
1043 2140 1151 2190 Rege
1193 2143 1354 2180 creverit
1395 2144 1431 2178 et
1471 2141 1686 2191 profecerit,
1727 2143 1762 2178 in

169 2224 332 2271 promptu
360 2225 439 2266 est3
479 2220 653 2258 Periclen
686 2232 838 2270 prorsus
866 2219 986 2256 studio
1016 2222 1197 2258 excitavit
1225 2220 1450 2270 sculptores,
1489 2223 1665 2270 pictores,
1700 2233 1760 2257 ar-

167 2299 366 2346 chitectos,
402 2300 575 2345 musicos,
609 2301 796 2346 scenicos,
833 2298 1066 2349 thymelicos,
1102 2299 1294 2337 Octaviani
1323 2301 1481 2349 Augusti
1510 2300 1678 2350 exemplo
1706 2302 1762 2338 ci-

165 2381 243 2417 vile
272 2382 371 2415 ratus
398 2379 521 2428 populi
551 2377 760 2427 voluptates
787 2381 1024 2429 participare:
1063 2380 1286 2428 magnificum
1325 2379 1421 2414 illum
1451 2379 1586 2416 artibus
1613 2379 1761 2416 thesau-
