1955 2677
949 124 1001 164 15

177 250 291 289 ahst-
320 248 397 287 iiis·
419 247 460 283 in
494 246 604 288 rebus
639 257 714 286 non
736 246 888 284 nimium
923 246 1194 296 relinquendum
1231 248 1379 287 arbitrio
1413 248 1638 297 singulorum
1672 261 1767 289 esse.

175 327 276 372 lssihi.
296 324 462 376 quidem,
496 327 569 365 etsi
600 324 652 364 de
673 324 814 364 :rebus
831 324 966 366 divinis
998 338 1101 364 snum
1134 327 1265 376 cuique
1297 330 1471 365 constare
1497 327 1672 367 indicium
1699 327 1766 367 de-

172 407 265 444 here
291 416 430 444 oenseo
458 408 597 454 (neque
618 404 730 443 aliter
757 406 898 443 eensnit
923 404 1135 444 Friderieus
1162 405 1402 460 Guilelmus),
1427 406 1500 444 hoe
1527 410 1680 457 egregie
1702 407 1768 446 fe-

175 488 276 523 uisse
302 485 389 523 Rex
416 484 645 523 beatissimus
671 482 829 530 videtur,
851 484 955 533 -quod
980 484 1263 529 Protestantium
1290 485 1555 523 confessionem
1582 490 1766 535 utramque

173 563 377 603 conciliare
412 561 551 603 studuit
585 566 624 600 et
659 562 883 601 conciliavit.
951 563 1093 609 Quodsi
1126 563 1211 612 quid
1245 565 1282 601 in
1315 564 1385 602 hae
1418 576 1459 601 re
1494 565 1614 602 aerius
1646 570 1763 604 actum

172 653 258 681 esse
286 642 457 691 clamant,
484 653 635 692 quorum
661 641 754 681 haee
781 642 891 694 eulpa
912 642 1036 690 -fnerit,
1062 644 1110 680 sit
1136 654 1251 694 penes
1278 643 1372 681 alios
1397 642 1577 682 iudicium.
1630 644 1761 682 Fride-

170 722 283 761 riuum
311 720 526 759 Guilelmus:
561 720 703 770 quidem
737 733 810 759 uno
852 733 917 759 ore
952 720 1122 759 Germani
1157 722 1398 771 evangelicae
1438 722 1525 759 fidei
1558 721 1684 759 ducem
1725 728 1763 761 et

171 799 400 839 defensorem
434 798 572 850 pridem
600 799 924 850 praedicaverunt3
958 805 1155 849 meruitque
1190 812 1287 847 eam,
1328 812 1420 850 quae
1456 802 1624 850 contigit,
1658 800 1761 838 huius

169 878 279 917 studii
305 880 363 916 sui
389 881 728 926 remunerationem,
764 884 803 917 ut
839 880 923 918 bina
956 879 1011 917 illi
1047 879 1237 917 celebrare
1252 880 1400 918 =lieeret
1427 891 1611 917 sacrorum
1639 890 1761 917 emen-

169 957 325 995 dationis
351 957 542 994 sollemnia
566 958 783 1003 saecularia,
811 959 927 995 altera
954 958 1139 995 ecelesiae
1165 970 1188 995 a
1214 957 1379 995 Lutliero
1405 959 1610 1004 restitutae,
1643 959 1760 996 altera

161 1039 338 1087 receptae
353 1048 388 1073 ‘a
404 1035 600 1074 maioribus
625 1036 661 1072 in
688 1038 786 1073 terra
804 1034 1127 1085 Brandenburgica
1144 1035 1331 1075 doetrinae
1349 1036 1603 1085 evangelicae.
1656 1035 1759 1074 Idem

161 1120 282 1159 tamen
307 1124 376 1166 pro
402 1116 584 1163 aequitate
610 1127 678 1152 sua
704 1114 920 1153 catholicam
951 1116 988 1152 in
1014 1125 1131 1163 regno
1159 1127 1228 1153 sno
1257 1116 1453 1153 ecelesiam
1480 1119 1628 1153 strenue
1663 1119 1758 1153 tuta-

164 1198 224 1232 tus
243 1197 319 1232 est.
373 1193 550 1231 Pontifex
576 1194 761 1234 Romanus
794 1194 875 1242 ipse
902 1194 982 1242 quis
1008 1195 1127 1231 nescit
1153 1198 1321 1243 quantum
1354 1194 1407 1230 illi
1435 1193 1620 1241 debuerit,
1654 1207 1759 1243 quum

163 1274 201 1311 in
241 1272 422 1311 dicionem
465 1283 566 1309 suam
601 1270 882 1309 restitueretur?
932 1273 1011 1320 quis
1051 1273 1170 1310 nescit
1208 1274 1315 1322 regia
1354 1273 1596 1310 munificentia
1632 1272 1758 1311 reddi-

163 1356 235 1390 tam
267 1353 304 1389 in
339 1350 413 1390 hoo
447 1362 562 1400 regno
597 1351 781 1390 ecelesiae
815 1349 1022 1389 catholicae
1057 1350 1267 1401 dignitatem
1302 1356 1339 1389 et
1372 1351 1609 1402 splendorem
1644 1351 1757 1390 esse?

165 1432 248 1477 Quo
281 1432 396 1480 magis
430 1429 626 1468 dolendum
662 1434 736 1477 est,
771 1430 868 1479 quod
904 1443 1010 1480 quum
1037 1432 1141 1480 regia
1166 1442 1267 1468 mens
1292 1431 1557 1469 sacerdotalem
1584 1433 1755 1481 pervica-

163 1511 256 1549 ciam
282 1510 381 1548 ferre
408 1521 480 1547 non
508 1511 720 1557 sustineret,
756 1508 1029 1548 difficultatibus
1055 1510 1257 1559 turbisque,
1291 1522 1383 1560 quae
1419 1510 1504 1548 inde
1530 1514 1636 1547 natae
1663 1516 1756 1555 sunt,

162 1589 280 1638 Regis
306 1590 515 1639 pientissiini
532 1593 705 1627 senectus
730 1591 764 1626 si
790 1601 862 1627 non
879 1589 1027 1636 afflicta,
1054 1593 1092 1626 at
1118 1593 1219 1627 certe
1238 1591 1449 1627 contristata
1466 1594 1533 1627 est.
1587 1590 1754 1627 Transeo

163 1667 212 1706 ad
238 1669 312 1706 alia
336 1667 522 1706 Friderici
550 1667 721 1706 Guilelmi
749 1667 890 1715 studia,
926 1680 992 1719 pro
1022 1668 1150 1718 quibus
1184 1668 1239 1705 illi
1266 1670 1382 1706 maior
1407 1670 1524 1718 gratia
1550 1667 1671 1705 habita
1698 1672 1755 1705 est

160 1753 200 1786 et
226 1747 388 1800 babetur.
440 1747 538 1785 Nam
563 1748 694 1785 litteris
721 1752 758 1786 et
784 1748 920 1786 artibus
948 1752 1017 1785 tam
1044 1748 1232 1787 munificus
1259 1748 1337 1793 fuit,
1363 1752 1402 1785 ut
1429 1752 1466 1786 et
1491 1750 1646 1785 maiores
1673 1749 1753 1785 uni-

162 1838 295 1867 versos
328 1830 367 1864 et
399 1838 510 1876 reges
537 1828 710 1878 plurimos
737 1838 884 1865 numero
921 1832 959 1864 et
985 1826 1227 1877 magnitudine
1254 1827 1511 1867 beneficiorum
1539 1831 1754 1877 superaret3

162 1919 232 1946 nee
259 1910 391 1945 tantum
416 1906 609 1956 largiendo
636 1906 779 1945 adiuvit
804 1908 965 1953 litteras,
999 1907 1069 1946 sed
1095 1910 1221 1954 etiam,
1258 1908 1347 1946 lieet
1382 1906 1450 1946 hac
1484 1911 1604 1945 aetate
1632 1907 1754 1956 aliqua

161 1997 247 2037 pars
283 1984 482 2023 studiorum
523 1990 561 2023 et
597 1985 787 2024 doctorum
823 1989 865 2023 et
896 1984 1110 2023 eruditionis
1143 1985 1386 2023 studiosorum
1425 1997 1649 2037 magnopere
1688 1998 1749 2022 su-

162 2069 290 2117 specta
316 2070 427 2112 esset,
454 2069 570 2103 tamen
599 2077 667 2103 nos
693 2066 948 2104 liberalissime
975 2078 1020 2104 ac
1046 2066 1230 2104 lenissime
1257 2065 1392 2104 habuit.
1444 2066 1664 2104 Libertatem
1692 2065 1749 2103 di-

161 2143 270 2183 eendi
296 2147 333 2182 et
355 2142 517 2183 dooendi
543 2145 768 2190 retinuimus3
809 2142 992 2183 scribendi
1026 2146 1110 2182 sive
1137 2144 1286 2182 libertas
1312 2146 1397 2184 sive
1420 2144 1601 2194 licentiam
1628 2147 1750 2194 potius

160 2222 327 2260 dixeritis
355 2222 452 2272 quod
477 2222 715 2261 imminuenda
741 2224 825 2261 visa
851 2228 925 2269 est,
958 2235 1032 2261 non
1058 2228 1127 2260 tam
1155 2225 1282 2273 regiae
1309 2224 1485 2262 voluntati
1516 2234 1617 2270 qnam
1645 2233 1748 2260 eom-

158 2303 254 2341 muni
284 2301 391 2341 huius
430 2301 569 2342 saeouli
607 2301 835 2342 tribuendum
873 2302 958 2340 labi.
1030 2301 1120 2339 Non
1160 2303 1320 2353 paenitet
1359 2301 1434 2341 hoe
1469 2302 1555 2339 loco
1596 2300 1745 2345 referre,

158 2386 290 2434 quanta
316 2384 485 2421 eomitate
520 2394 600 2422 enm
634 2381 786 2420 eruditis
821 2383 941 2432 egerit
974 2383 1033 2421 vir
1068 2382 1134 2420 ille
1167 2385 1429 2432 magnanimus,
1468 2382 1529 2419 cni
1564 2385 1745 2432 postremo
