1955 2677
172 263 250 288 mus
279 250 472 295 retinebat,
507 249 720 286 durissimae
746 250 934 299 impositae
961 248 1319 287 condicionewsunt.
1372 251 1545 289 Accessit
1560 252 1771 301 megisba-2.

175 330 292 368 mulus
319 327 459 366 doloris
485 328 753 375 acerbissimus,
785 328 937 379 abrepta
962 333 1076 366 morte
1102 330 1286 366 immatura
1312 329 1457 367 coniux'
1476 333 1680 378 carissimae
1707 331 1773 369 we

176 410 368 446 liberorum
395 412 524 453 mater,
559 412 737 445 tantorum
773 410 876 445 socia
902 408 1090 455 malorum,
1124 413 1161 446 et
1195 408 1767 459 quumuflorebatvuaposquan

173 487 261 525 obiit
288 487 414 537 populi
443 487 610 525 deliciae.
664 489 751 525 Nec
777 492 894 525 tamen
922 488 1030 525 undis
1057 492 1179 526 tantae
1204 490 1425 538 tempestatis
1455 487 1606 525 haustus
1632 488 1774 526 Eride-r*

172 568 272 605 ricus
302 566 503 603 Guilelmus
530 570 603 613 est,
636 566 704 604 sed
732 569 876 604 emersit
901 567 1118 616 ‘generosior
1153 567 1460 605 et‘confirnmtior'
1492 567 1653 617 etipse
1682 577 1774 616 sesq-

173 648 296 682 maior.
351 645 446 680 Nam
474 657 544 693 quo
572 648 684 682 maius
711 646 829 682 finium
859 646 1021 683 damnum
1049 647 1133 691 fuit,
1167 650 1267 683 tanto
1291 648 1521 696 'impensiore
1556 650 1646 683 'cura
1679 647 1775 683 aluit

175 726 276 762 vires
313 725 431 771 regni,
469 724 567 772 quod
601 725 764 762 relictum
801 729 889 761 erat.
951 725 1001 761 Ut
1034 725 1106 762 hoc
1137 726 1227 762 loco
1263 729 1387 762 cetera
1420 729 1664 774 praeteream,
1694 726 1775 766 :etsi

173 802 387 839 Fridericus
416 801 618 840 Guilelmus
646 805 750 840 etiam
778 803 930 840 florente
958 815 1074 852 regno
1103 804 1302 841 Borussico
1337 804 1470 840 litteris
1504 803 1776 841 faverat-exi».-

173 883 260 925 mie‚
299 881 478 929 multaque
506 882 684 919 beneficia
710 884 878 932 imprimis
906 883 1202 920 universitatibus
1228 883 1412 919 litterariis
1439 882 1774 928 contulemtj‘ffl‘

174 961 268 996 lensi
295 962 516 1007 potissimum
553 968 590 996 et
616 962 858 1007 Erlangensi,
893 965 1011 995 tamen
1046 962 1165 996 fracto
1200 962 1334 997 robore
1362 973 1536 996 armorum
1564 963 1770 997 aci-iustin-

174 1042 320 1079 tellexit
348 1038 561 1078 excitandas
590 1044 627 1076 et
654 1037 917 1076 confirmandas
944 1040 1046 1076 vires
1074 1040 1269 1076 animorum
1296 1050 1398 1085 esse,
1427 1050 1521 1088 quae
1542 1040 1771 1089 'ipsitarm'is

174 1119 378 1157 validiores
413 1122 515 1162 sunt3
551 1116 590 1152 id
611 1128 715 1153 *vero
752 1114 1014 1165 sapientissime
1046 1116 1144 1153 vidit
1174 1117 1305 1153 litteris
1340 1119 1560 1166 potissimum
1595 1117 1769 1163 fovendis

174 1198 284 1236 effici.
340 1197 467 1245 ltaque
504 1198 539 1231 iu
571 1195 638 1230 has
665 1194 818 1230 alendas
846 1195 1039 1243 ampliores
1072 1198 1144 1230 tum
1177 1197 1219 1230 in'
1249 1197 1392 1231 summis
1429 1198 1560 1232 aerarii
1593 1197 1772 1244 angustiis

174 1281 359 1327 impensae
386 1271 508 1311 factae
535 1276 617 1309 sunt
644 1284 747 1320 quam
774 1283 925 1320 unquam
953 1276 1070 1308 antea.
1125 1271 1204 1308 Sed
1231 1283 1372 1318 revoco
1405 1284 1461 1310 me
1488 1274 1534 1311 ab
1561 1273 1631 1312 hac
1659 1274 1770 1311 uher-
1802 1282 1804 1286 '

172 1360 261 1394 rima
288 1354 408 1391 laudis
436 1354 599 1398 materie,
627 1351 675 1388 ad
704 1363 805 1400 quam
833 1351 915 1388 mihi
944 1350 1097 1401 posthac
1132 1350 1352 1387 redeundum
1380 1352 1504 1389 video.
1541 1354 1768 1403 *Properan-

175 1435 257 1471 dum
293 1438 352 1470 est
386 1434 477 1468 enim
513 1431 560 1466 ad
594 1431 823 1466 laetissimam
859 1431 957 1465 illius
992 1432 1163 1478 temporis
1197 1431 1416 1475 memoriam,
1451 1442 1523 1478 quo
1547 1431 1770 1469 vls'ridericus

175 1507 378 1549 Guilelmus
413 1510 578 1547 consiliis
611 1511 844 1557 magnanimis
887 1513 924 1545 et
963 1508 1185 1545 facinoribus
1221 1510 1384 1544 maximis
1419 1509 1628 1545 Borussiam
1668 1522 1769 1547 suam

174 1586 219 1627 et'
241 1587 468 1625 Germaniam
495 1589 701 1625 universam
729 1600 800 1624 una
828 1599 907 1625 cum
935 1589 1047 1624 sociis
1079 1589 1115 1623 in
1145 1588 1344 1625 libertatem
1371 1587 1586 1634 vindicavit,
1615 1593 1770 1637 quantae

173 1668 279 1705 molis
314 1680 431 1717 capax
468 1672 586 1711 esset,
624 1668 764 1714 quantis
791 1679 857 1715 par
884 1668 1055 1715 inceptis,
1084 1667 1255 1715 Europae
1283 1667 1353 1702 tum
1382 1669 1577 1712 universae
1605 1672 1642 1703 et
1669 1668 1768 1704 futu-

174 1751 223 1783 ris
251 1746 411 1783 saeculis
440 1745 947 1782 documentisimmortalibus
974 1749 1138 1781 testatus.
1192 1744 1285 1781 Tum
1314 1744 1399 1793 quid
1435 1750 1553 1782 mutua
1579 1746 1644 1783 illa
1672 1748 1769 1784 cari-

176 1830 230 1861 tas
258 1831 294 1861 et
322 1824 522 1862 concordia
549 1828 691 1872 posset,
727 1825 894 1872 exemplo
924 1824 1124 1860 clarissimo
1153 1824 1431 1860 demonstratum
1459 1828 1525 1870 est,
1554 1837 1658 1872 quum
1685 1825 1772 1874 ffi'fff

176 1902 320 1941 dericus
357 1902 561 1940 Guilelmus
596 1902 767 1952 populum
807 1900 907 1938 suum
949 1902 994 1938 ad
1037 1914 1237 1952 supremum
1272 1906 1428 1939 vocaret
1464 1907 1664 1949 certamen,
1698 1916 1768 1952 quo

175 1982 261 2019 Rex
284 1994 364 2019 cum
383 1982 529 2031 populo,
558 1981 714 2031 populus
742 1992 822 2017 cum
841 1981 948 2028 Rege
977 1993 1047 2017 una
1075 1986 1136 2018 aut
1155 1983 1348 2018 vincerent
1374 1985 1435 2017 aut
1458 1983 1635 2031 perirent3
1664 1995 1768 2031 quum

174 2063 253 2099 eius
280 2072 380 2098 voce
409 2063 556 2097 excitati
581 2073 648 2109 per
674 2060 811 2096 medios
832 2058 957 2096 hostes
985 2062 1021 2095 in
1049 2063 1128 2097 eius
1148 2065 1270 2097 castra
1289 2061 1532 2098 convolarent
1550 2061 1768 2098 ‘non-modo

178 2141 235 2186 qui
269 2139 408 2175 viribus
443 2140 611 2188 corporis
646 2138 915 2175 valebant-sed
951 2136 1014 2175 -vel
1049 2139 1263 2179 infirmiores
1298 2138 1591 2177 aotolerandae
1624 2139 1768 2178 nil-iliae

179 2216 327 2253 vixdum
363 2228 489 2265 pares3
532 2228 638 2265 quum
671 2218 863 2266 pecunias,
904 2228 1019 2260 arma,
1059 2217 1323 2266 supellectilem
1358 2217 1770 2264 militaremaquaa‘alihet

177 2288 384 2333 conferrent
420 2306 492 2331 non
525 2296 630 2332 modo
666 2298 726 2344 qui
761 2296 891 2346 opibus
919 2296 1122 2345 pollebant,
1159 2296 1224 2333 sed
1258 2296 1324 2335 vel
1359 2299 1507 2346 inopes,
1543 2297 1771 2344 quantulum-

175 2385 328 2423 cumque
355 2370 504 2422 quisque
541 2374 723 2418 habebat,
752 2376 920 2412 afferrent
940 2376 1043 2424 'Regi
1071 2377 1292 2425 patriaeque.
1360 2373 1605 2413 Commoveor
1638 2378 1768 2421 animm
