1955 2677
953 119 978 155 5

171 246 415 296 periculisque
442 241 662 292 impeditam,
694 243 847 285 miseriis
881 243 1056 289 malisque
1088 243 1273 288 refertam,
1309 254 1403 290 qnae
1438 254 1485 280 ne
1518 243 1585 280 ille
1621 244 1760 290 quidem

171 324 336 371 effugere
362 324 496 371 possit,
533 322 594 369 qui
629 321 666 356 in
692 331 827 357 summo
854 323 902 356 sit
928 319 1076 368 fastigio
1105 320 1327 365 collocatus,
1353 325 1453 358 tanto
1481 321 1546 358 ille
1574 322 1761 370 graviori-

169 401 237 438 bus
264 399 446 445 obnoxius
472 380 618 437 casibus
642 398 909 447 maioribusque
934 397 1168 445 detrimentis,
1196 382 1329 447 quanto
1355 400 1528 450 ampliora
1556 400 1651 438 bona
1677 404 1762 437 sunt

169 479 348 528 locusque
379 478 576 516 excelsior.
629 477 788 515 Emenso
823 477 895 515 hoc
921 479 1051 515 itinere
1085 482 1249 515 terrestri
1287 489 1379 527 quae
1406 480 1617 529 supervenit
1650 491 1757 526 mors,

169 558 386 596 sublimioris
414 559 514 596 vitae
540 559 676 594 initium
703 561 770 603 est,
799 561 1022 606 egregieque
1049 561 1197 595 veteres
1224 559 1418 608 sapientes,
1452 557 1586 596 divinis
1614 563 1759 596 nostrae

169 636 255 674 fidei
288 636 545 687 praeludentes
581 639 803 686 praeceptis,
847 647 950 683 quam
985 647 1054 673 nos
1086 638 1195 674 vitam
1223 637 1466 686 appellamus,
1500 648 1579 673 eam
1612 642 1757 674 mortem

168 727 254 753 esse
279 716 446 763 augurati
472 718 567 758 sunt,
594 726 696 762 quam
725 718 874 752 mortem
900 713 1061 761 dicimus,
1088 726 1175 752 esse
1201 716 1322 752 vitam.
1377 716 1504 763 Itaque
1531 727 1628 752 mors
1655 727 1759 763 quum

168 805 293 833 veram
319 795 431 831 vitam
458 791 621 831 exordiri
648 792 836 839 videatur,
869 792 963 830 haee
998 804 1101 841 quam
1140 805 1236 831 nunc
1267 797 1407 841 agimus
1434 795 1511 831 vita
1538 799 1756 831 commenta-

168 877 219 911 tio
237 876 361 910 mortis
388 876 462 910 est:
490 883 593 921 quam
612 874 723 911 vitam
746 877 807 921 qui
833 874 928 910 iuste
946 876 1144 921 sancteque
1162 877 1358 924 peregerit,
1387 875 1448 922 qui
1474 875 1510 910 in
1527 886 1662 911 summa
1680 874 1756 910 sor-

169 957 254 990 tuna
281 962 457 1000 nunquam
485 952 619 988 oblitus
645 951 830 988 mortalem
857 963 899 989 se
926 963 1011 989 esse
1039 953 1089 988 ita
1115 953 1271 998 vixerit,
1305 957 1345 989 ut
1363 946 1365 949 ¹
1380 954 1491 990 sciret
1517 957 1654 990 animas
1688 952 1757 989 hu-

168 1042 290 1068 manas
317 1032 410 1066 omni
438 1030 632 1078 aliquando
658 1041 789 1080 pompa
823 1034 860 1067 et
886 1033 1061 1078 apparatu
1088 1034 1216 1067 exutas
1252 1035 1289 1067 et
1316 1030 1470 1068 nudatas
1498 1042 1664 1081 supremo
1698 1033 1755 1067 iu-

168 1109 242 1148 dici
267 1110 442 1146 rationem
469 1106 672 1145 reddituras
700 1119 821 1145 earum
849 1118 966 1145 rerum
995 1109 1162 1154 omnium,
1196 1120 1286 1156 quas
1322 1114 1357 1146 in
1385 1114 1546 1147 terrestri
1574 1109 1643 1147 hac
1669 1122 1756 1160 pro-

168 1189 291 1231 vincia
317 1186 643 1232 administrassent,
679 1188 724 1224 iis
751 1185 952 1223 divinamus
988 1191 1025 1223 et
1053 1187 1231 1225 credimus
1259 1189 1452 1226 beatiorem
1481 1190 1632 1226 futuram
1658 1189 1754 1227 illam

167 1271 277 1306 vitam
303 1266 385 1303 fore
418 1264 466 1301 ad
493 1277 661 1302 summum
687 1276 816 1302 numen
842 1264 1056 1303 reducibus:
1091 1278 1240 1315 prorsus
1274 1271 1314 1303 ut
1347 1268 1509 1312 nescias,
1538 1272 1630 1304 sitne
1667 1279 1753 1317 pro-

168 1346 225 1385 bis
252 1343 467 1394 gratulanda
493 1346 614 1394 potius
640 1355 746 1390 morS,
774 1356 878 1393 quam
905 1345 975 1394 ipsi
1002 1343 1142 1393 quidem
1162 1348 1308 1395 praeter
1334 1357 1550 1383 communem
1577 1346 1752 1384 hominum

167 1425 445 1463 imbecillitatem
472 1423 606 1460 nullius
633 1423 702 1461 sibi
730 1422 855 1461 delicti
882 1424 1021 1460 conscii
1055 1435 1135 1460 cum
1169 1423 1263 1461 bona
1292 1424 1426 1461 obeunt
1453 1436 1538 1475 spe,
1573 1424 1655 1461 dum
1689 1436 1754 1462 ea-

166 1504 248 1541 dem
275 1506 388 1540 terret
415 1502 597 1553 improbos
630 1506 668 1539 et
694 1502 886 1540 scelestos.
941 1502 1030 1539 Non
1056 1504 1167 1552 igitur
1195 1502 1330 1541 occidit
1358 1504 1469 1541 Pater
1495 1505 1651 1554 patriae,
1686 1504 1753 1542 sed

167 1587 224 1621 est
259 1584 296 1619 in
322 1581 517 1620 beatiorem
547 1580 669 1619 sedem
697 1584 870 1627 evectus,
904 1592 995 1630 quae
1031 1585 1112 1631 ipso
1147 1581 1245 1630 quod
1279 1582 1483 1619 obtinuerat
1517 1584 1621 1632 regio
1658 1584 1752 1621 solio

167 1662 301 1699 firmior
328 1664 385 1698 est
408 1671 457 1697 ac
475 1660 676 1707 sublimior;
704 1672 776 1697 non
804 1664 914 1710 igitur
931 1660 995 1697 ille
1014 1660 1259 1711 deplorandus
1288 1665 1363 1699 est:
1391 1666 1427 1698 at
1453 1674 1521 1699 nos
1548 1666 1607 1711 qui
1634 1663 1751 1701 relicti

166 1752 297 1786 sumw,
325 1751 375 1776 ex
403 1739 586 1776 desiderio
613 1743 750 1785 nostro,
777 1751 850 1777 non
878 1751 926 1777 ex
952 1739 1157 1777 beatissima
1184 1740 1353 1778 caelestis
1380 1744 1517 1777 animae
1536 1740 1751 1779 condicione

129 1832 132 1834 ·
166 1820 352 1857 metientes
379 1819 514 1857 luctum
548 1823 627 1856 iure
660 1822 776 1856 tamen
813 1820 939 1856 maesti
967 1817 1148 1856 adstamus
1182 1819 1309 1857 funeri.
1363 1819 1471 1857 Hanc
1509 1821 1751 1857 immortalita-

165 1901 255 1945 tem,
289 1908 381 1947 quae
409 1896 555 1937 divinae
582 1896 734 1935 hominis
761 1902 853 1948 parti
880 1909 1010 1948 reapse
1038 1900 1233 1946 contingit,
1260 1910 1332 1935 non
1360 1910 1481 1936 errare
1508 1899 1590 1936 mihi
1619 1899 1753 1936 videor

166 1979 198 2014 si
225 1976 383 2015 divinam
410 1979 571 2025 nomino;
598 1977 668 2016 sed
695 1981 751 2015 est
779 1982 884 2015 etiam
912 1977 985 2014 alia
1012 1978 1256 2015 immortalitas
1282 1978 1441 2023 humana,
1470 1988 1564 2026 quae
1592 1989 1666 2015 non
1694 1978 1749 2015 ul-

166 2056 249 2093 timo
276 2055 363 2093 loco
391 2054 575 2094 censenda
602 2060 678 2102 est,
713 2068 830 2105 eaque
855 2068 928 2093 non
955 2057 1107 2107 simplex
1142 2055 1209 2093 sed
1242 2068 1309 2106 per
1342 2057 1434 2094 duas
1470 2057 1590 2095 divisa
1614 2060 1747 2105 partes.

165 2134 308 2172 Etenim
325 2130 490 2183 proxima
516 2135 570 2172 illi
596 2134 742 2173 divinae
770 2138 807 2172 et
833 2133 997 2172 secunda
1024 2139 1080 2172 est
1102 2135 1346 2173 immortalitas
1373 2137 1532 2179 nominis,
1560 2145 1653 2181 quae
1671 2145 1748 2171 me-

165 2214 278 2249 moria
303 2224 418 2250 rerum
446 2217 629 2261 gestarum
656 2215 860 2252 continetur
887 2218 925 2252 et
951 2219 1185 2252 monumentis
1211 2216 1364 2264 ingenii,
1392 2215 1554 2260 virtutis,
1582 2214 1749 2262 benigni-

165 2292 266 2341 tatis,
299 2301 394 2339 quae
421 2293 571 2341 quisque
597 2296 681 2342 post
714 2304 756 2331 se
782 2292 984 2342 reliquerit:
1019 2295 1056 2330 in
1091 2303 1163 2341 quo
1189 2304 1318 2342 magna
1345 2292 1568 2344 principibus
1594 2302 1746 2342 praero-

164 2374 291 2419 gativa
318 2368 403 2407 data
429 2376 497 2409 est.
549 2371 744 2410 Nascimur
770 2374 862 2410 enim
897 2376 934 2410 et
960 2373 1126 2410 morimur
1151 2374 1357 2423 promiscue
1385 2383 1523 2417 omnes,
1560 2376 1597 2410 et
1630 2382 1744 2418 aequo
