1955 2677
935 120 990 159 1¹-

164 246 384 293 afflenens
401 245 525 282 §testis
555 244 705 296 fuerat,
727 247 768 283 et
797 244 1050 294 largitionibus
1076 246 1273 284 exhaustas
1299 248 1473 293 restitnit,
1510 248 1586 286 vim
1621 248 1753 297 legum,

163 304 375 368 niem-l.
391 323 578 363 sentiendi
611 322 842 370 cedices-di,
876 323 1117 363 awli'riderioo
1143 325 1280 375 Magno
1314 328 1509 373 sanciam,
1542 327 1607 366 vel
1641 325 1754 365 reda-

162 405 220 442 xit
235 404 319 443 >vel*
336 404 584 448 oonfirmavit,
605 413 828 454 operamque
855 405 962 441 enixe
988 403 1108 450 dedit,
1139 408 1178 441 ut
1204 408 1422 444 sustentaret
1448 417 1588 457 pacem.
1640 407 1755 445 Primi

161 483 305 534 inperii
333 484 419 520 anni
453 480 603 533 placido
634 481 866 522 defluxerunt
901 493 1028 529 cursu3
1069 494 1268 532 quanquam
1303 483 1463 530 fuerunt,
1504 485 1631 534 quibus
1664 498 1751 537 pax,

161 572 255 611 (μω
281 561 594 605 tun-habebatur,
627 561 738 611 paulo
765 561 954 600 videretur
979 561 1189 611 languidior
1214 565 1252 599 et
1277 564 1463 600 remissior
1489 563 1617 601 fuisse.
1683 565 1748 602 In-

159 641 262 678 terim
287 641 458 691 pactione
484 639 763 678 Luaevillensi
789 640 882 678 fines
908 642 1013 690 regni
1045 642 1127 678 sine
1153 642 1330 691 sangnine
1357 643 1509 691 promoti
1537 645 1639 687 sunt,
1671 655 1748 680 am-

158 719 277 769 pliore
302 721 401 755 terra
426 723 587 770 recepta·
602 730 706 768 qnam
733 730 827 767 quae
853 720 1099 757 amissaerat.
1161 718 1256 756 Mox
1282 720 1394 756 tristis
1421 722 1601 758 successit
1629 732 1745 759 rerum

158 797 313 835 omffinm
336 799 549 836 conversio.
601 797 783 836 Mortales
808 809 959 847 namque
976 801 1121 848 oportet
1138 797 1302 836 secunda
1329 802 1366 836 et
1392 798 1556 837 adversa
1572 801 1746 850 experiri,

157 877 286 915 laetari
313 880 351 914 et
376 876 522 923 dolere3
556 888 740 927 regesque
766 881 807 915 nt
834 876 984 916 deorum
1009 879 1047 915 in
1074 879 1181 915 terris
1207 877 1328 916 locum
1356 878 1559 925 obtineant,
1596 883 1746 918 eatenus

156 958 275 993 temen
300 966 373 992 non
400 941 558 1005 exempti
584 960 667 993 sunt
693 959 795 993 sorte
818 955 1008 1002 homiuum,
1033 960 1075 992 ut
1098 956 1267 994 fortunae
1289 958 1621 995 circumveniantur
1645 958 1745 995 ludi-

157 1033 245 1072 briis
278 1037 316 1071 et
348 1034 544 1082 iniquitate.
596 1033 773 1071 Nimirum
799 1033 885 1072 Rex
912 1034 1066 1084 optimus
1092 1032 1219 1072 incidit
1244 1034 1433 1072 nobiscum
1467 1037 1504 1072 in
1536 1046 1615 1073 eam
1640 1040 1743 1073 aeta-

155 1117 244 1161 tem,
276 1124 348 1162 qua
382 1114 553 1150 immensa
586 1113 693 1150 nnius
727 1113 799 1150 viri
830 1113 994 1163 potentia
1026 1111 1150 1150 orbem
1185 1115 1360 1151 terrarum
1385 1115 1566 1154 continuis
1593 1127 1745 1164 quassa-

155 1193 212 1230 vit
235 1191 408 1229 motibus:
437 1191 512 1228 'liae
548 1193 726 1228 communi·
750 1192 898 1240 generis
924 1190 1066 1228 humani
1092 1194 1218 1239 strage
1250 1195 1386 1229 tractus
1411 1192 1621 1230 Fridericus
1650 1193 1743 1230 Gui-

154 1271 283 1309 lelmus
307 1270 472 1319 malaque
499 1272 598 1306 tanta
615 1279 815 1319 perpessus
842 1272 911 1315 est,
936 1272 1069 1317 quanta
1094 1268 1192 1306 ferre
1219 1280 1291 1306 non
1317 1273 1444 1320 posset
1470 1272 1539 1307 nisi
1565 1273 1625 1309 vir
1653 1283 1743 1310 con-

154 1350 393 1388 stantissimus
435 1351 473 1386 ct
507 1348 738 1385 fortissimus.
803 1347 986 1385 Vulnerat
1019 1347 1123 1385 Deus
1161 1349 1258 1397 pium
1296 1360 1397 1385 suum
1430 1349 1606 1387 cultorem
1640 1353 1743 1399 quasi

154 1442 277 1467 aurum
303 1431 388 1478 igne
415 1427 573 1478 probari,
599 1430 639 1464 ut
664 1430 764 1464 tanto
792 1425 1120 1478 exsplendesccret
1146 1427 1301 1464 clarius:
1328 1430 1366 1465 et
1392 1427 1465 1465 Dei
1492 1428 1608 1466 fretus
1635 1432 1744 1467 anxi-

154 1510 206 1547 lio
231 1509 421 1559 superavit
446 1507 549 1553 mala,
576 1509 852 1556 quantacunque
877 1505 1032 1543 fnernnt.
1086 1505 1265 1556 Princeps
1283 1507 1500 1544 iustissimus
1527 1512 1565 1545 et
1590 1508 1743 1558 religio-

153 1588 317 1625 sissimus
350 1597 423 1623 non
457 1584 573 1623 dicam
608 1585 738 1635 quibus
774 1588 847 1623 tum
883 1584 1156 1625 difficultatibus
1180 1585 1399 1636 implicitus,
1440 1586 1568 1635 quibus
1602 1587 1743 1625 insidiis

153 1668 304 1718 petitus,
341 1665 468 1715 quibus
500 1666 640 1702 iniuriis
674 1669 712 1702 et
738 1664 966 1703 contumeliis
993 1665 1186 1702 lacessitus
1219 1668 1257 1702 et
1281 1668 1506 1716 provocatus
1531 1665 1582 1703 ad
1608 1665 1741 1705 bellum

153 1747 210 1792 sit,
238 1744 336 1794 quod
362 1744 549 1783 declinare
576 1745 683 1782 unice
709 1742 914 1782 studuerat:
946 1742 1043 1781 haud
1076 1745 1179 1781 iuvat
1205 1747 1353 1781 veteres
1380 1755 1564 1782 renovare
1596 1746 1668 1782 iras
1703 1749 1742 1784 et

152 1828 367 1877 perpetuare
394 1823 593 1860 simultates
626 1822 777 1860 vixdum
804 1822 1031 1872 aliquatenus
1057 1824 1269 1881 exstinctas.
1324 1822 1420 1868 Quid
1448 1821 1585 1860 multa?
1637 1823 1743 1862 Unus

153 1903 233 1943 dies
259 1904 520 1943 funestissimus
548 1902 688 1941 delevit
714 1904 914 1941 exercitum
940 1902 1201 1941 validissimum
1228 1906 1265 1940 et
1291 1904 1619 1950 instructissimum,
1652 1916 1741 1954 pro-

153 1985 283 2022 stravit
309 1995 458 2033 regnum
485 1984 712 2029 univermm,
738 1983 909 2033 populum
936 1982 1170 2022 Borussicum
1197 1983 1367 2019 extremis
1392 1982 1525 2020 afflixit
1551 1983 1738 2022 calamita-

152 2063 248 2101 tibus
274 2062 426 2111 amplius
460 2073 530 2098 sex
557 2073 673 2098 annos
699 2061 909 2099 tolerandis.
954 2061 1087 2098 Victus
1114 2060 1199 2098 Rex
1225 2065 1298 2105 est,
1330 2060 1400 2098 sed
1427 2062 1548 2099 victus
1582 2073 1605 2098 a
1632 2061 1734 2109 quo?

153 2140 297 2192 Nempe
330 2139 376 2177 ab
404 2140 489 2187 illo,
525 2141 587 2189 qni
620 2150 744 2177 omnes
771 2141 882 2185 vicit,
916 2138 1036 2177 donec
1064 2140 1217 2177 omnium
1245 2141 1454 2186 vinceretur
1478 2138 1618 2177 viribus
1647 2152 1740 2178 con-

152 2220 286 2256 iunctis
310 2231 383 2256 non
409 2219 489 2256 sine
513 2218 681 2258 adiutore
708 2218 803 2256 Deo.
857 2218 1000 2256 Bellum
1027 2218 1161 2255 finitum
1184 2222 1245 2257 est
1269 2229 1380 2268 pace,
1408 2228 1504 2265 qnae
1529 2218 1627 2255 bello
1655 2220 1739 2270 ipso

153 2300 253 2337 esset
280 2296 507 2336 damnosior:
542 2308 692 2346 regnum
717 2300 854 2335 maiore
879 2301 982 2348 parte
1009 2297 1128 2334 finium
1154 2297 1354 2344 multatum3
1388 2298 1524 2335 invitae
1556 2296 1603 2334 ab
1631 2297 1736 2347 Rege

151 2378 269 2417 invito
296 2375 466 2414 dimissae
490 2380 575 2416 sunt
600 2380 655 2416 tot
679 2375 874 2416 fidissimae
900 2380 1047 2426 gentes3
1082 2378 1208 2423 terris,
1241 2389 1330 2425 quas
1355 2375 1568 2456 Riderieus
1595 2376 1738 2414 Guilel-

1478 2437 1499 2469 2
