1955 2677
958 130 1010 169 n

878 180 1078 200 ..ι-ιι.-

190 267 269 294 a·
287 252 468 298 maus
484 252 1035 304 v«uxamiam·‹³1mg;=nt³.aznnsa
1058 252 1238 302 inpie-vu,
1261 257 1300 290 ei
1326 250 1427 289 naseu
1452 251 1637 291 imni-m.
1660 255 1774 295 mni-1

189 333 271 388 bus
284 332 449 383 aperuit,
481 335 520 371 ut
542 331 712 394 artifices
729 331 924 382 'exempla
947 329 1123 369 haberent
1155 339 1253 380 quae
1282 333 1539 380 sequerentur,
1571 332 1609 367 et
1628 335 1773 371 mentes

118 456 120 458 ¹
189 410 364 460 oculique
386 412 638 450 universorum
655 407 925 449 delectarentur
950 412 1059 459 atque
1077 408 1330 455 eradii-cutum
1357 409 1458 448 urhis
1483 408 1613 447 taciem
1629 410 1683 449 ita
1709 409 1777 445 im-

189 492 350 536 mutavit,
374 492 416 540 ut
430 500 547 539 prope
563 496 778 538 quocunque
796 488 927 527 oculos
945 490 1190 535 conficiamus,
1208 492 1337 538 regiae
1354 487 1640 538 magnificentiae
1658 486 1777 526 docu-

187 572 311 619 menta.
333 570 609 618 conspiciamus.
664 566 773 613 Quod
798 580 905 606 unum
931 568 1064 606 deesse
1090 568 1305 621 videbatur,
1336 567 1525 607 Frideriei·
1542 567 1670 615 Magni
1696 579 1774 604 mo-

187 650 406 694 numentum,
437 648 576 684 iamiam
606 657 724 698 prope
755 645 989 685 moribundus
1023 646 1168 685 fundari
1201 648 1319 685 iussit.
1373 645 1408 685 Ο
1428 646 1577 684 'laetum
1612 644 1702 683 illud
1719 657 1773 685 -ac

186 725 294 763 simul
317 728 420 764 triste
446 725 716 776 spectaculum,
742 737 849 774 quum
874 725 984 763 heres
1010 727 1116 775 regni
1144 727 1257 775 patris
1282 727 1384 762 iussu
1410 726 1624 774 summisque
1649 725 1774 775 populi

185 805 316 844 studiis
335 817 417 844 *sua
451 816 560 844 manu
591 804 684 843 illud
716 805 966 855 auspicaretur
999 816 1110 856 opus,
1144 804 1234 844 nihil
1268 809 1305 844 in
1337 805 1479 856 optimis
1511 803 1573 845 his
1603 805 1774 854 auspiciis

185 884 418 940 desiderante
457 896 537 922 cum
563 883 778 935 proceribus
805 884 1144 934 magistratibusque
1178 886 1349 924 immensa
1381 895 1477 932 quae
1498 882 1628 921 aderat
1653 883 1771 925 multi-.

184 963 309 1003 tudine
335 963 406 1001 nisi
432 961 810 1011 praesentiam-Patris
835 964 985 1012 patriae,
1012 962 1060 1000 de
1087 974 1158 1009 que
1184 963 1255 1002 ian
1278 964 1352 1000 tum
1369 962 1488 999 anxie
1512 961 1664 1000 solliciti
1689 972 1772 998 era-⁶

184 1042 282 1080 mus!
336 1040 369 1078 Ο
397 1040 546 1078 felicem·
571 1039 791 1085 Borussiam,
818 1040 922 1076 cuius
949 1037 1064 1078 decus
1090 1043 1128 1076 et
1154 1039 1304 1088 glori-m
1331 1038 1772 1081 widericus->Guilelmus

182 1121 233 1160 ad
257 1123 454 1159 extremum
481 1130 600 1167 usque
622 1119 782 1169 spiritum
807 1117 912 1156 cordi
937 1117 1123 1157 habuerit}
1172 1118 1335 1157 Felicem
1362 1119 1536 1170 praedico
1561 1119 1677 1168 Regis
1703 1119 1771 1157 be-

182 1200 332 1238 atissimi
349 1199 597 1251 principatum,
614 1198 674 1246 qui
692 1198 915 1248 principatus
934 1208 1041 1245 quum
1057 1208 1133 1235 nou
1147 1197 1241 1239 liber
1253 1209 1276 1234 a
1293 1199 1521 1248 gravissimis
1537 1198 1641 1236 malis
1659 1201 1769 1245 esset,

183 1291 234 1318 ex
259 1278 349 1329 ipsis
376 1276 480 1313 malis
507 1275 674 1313 elicuerit
691 1277 976 1327 prosperitatem,
1003 1280 1072 1313 tam
1098 1276 1279 1315 salubrem
1305 1276 1379 1314 illis
1404 1277 1578 1315 medelam
1603 1277 1770 1323 afferens,

182 1361 223 1397 ut
254 1353 468 1394 thidericus
496 1353 698 1392 Guilelmus
734 1356 839 1393 visus
875 1356 923 1392 sit
949 1354 1123 1394 divinitus
1156 1357 1287 1394 missus
1322 1368 1423 1402 esse,
1459 1357 1519 1406 qui
1551 1355 1677 1406 populi
1711 1357 1768 1393 sui

182 1437 292 1474 nixus
320 1434 471 1473 caritate
497 1432 721 1483 reipublicae
748 1433 968 1472 Borussicae
995 1433 1095 1471 bello
1129 1438 1166 1471 et
1198 1446 1291 1484 pace
1319 1434 1496 1473 evaderet
1521 1436 1706 1472 restitutor
1732 1439 1770 1472 et

182 1516 412 1552 instaurator.
465 1511 577 1550 Felix
603 1514 683 1563 ipse
709 1513 816 1550 etiam
843 1511 1092 1555 ahiiuAEam
1118 1525 1223 1562 quum
1249 1514 1315 1551 illo
1342 1515 1539 1565 imperante
1575 1518 1768 1552 universus

179 1604 297 1645 prope
324 1591 424 1629 orbis
449 1594 623 1628 terrarum
649 1594 802 1628 mutatus
829 1592 887 1636 sit,
913 1594 1032 1627 mutua
1058 1590 1165 1641 apud·
1181 1604 1249 1629 nos
1275 1592 1392 1642 Regis
1419 1596 1457 1630 et
1483 1593 1607 1642 populi
1635 1594 1767 1630 caritas

182 1683 255 1710 non
282 1673 415 1708 mutata
441 1674 515 1707 estz
549 1670 654 1706 testis
689 1668 750 1707 hic
776 1670 1027 1707 universorum
1054 1681 1214 1716 maeror,
1249 1671 1416 1720 lugubris
1448 1671 1513 1708 ille
1540 1671 1645 1709 velut
1670 1670 1768 1707 urbis

183 1754 312 1801 captae
338 1746 554 1799 adspectus:
581 1760 653 1785 non
679 1750 791 1795 enim,
825 1749 914 1786 licet
939 1750 1085 1787 mutatio
1112 1751 1284 1799 principis
1318 1751 1411 1787 inter
1443 1761 1544 1800 spem
1570 1753 1768 1798 metumque

162 1841 384 1881 suspensos
410 1832 536 1866 tenere
562 1829 700 1865 animos
726 1828 864 1874 soleat,
890 1827 955 1865 ulli
981 1828 1077 1879 apud
1103 1841 1172 1867 nos
1196 1831 1305 1867 metui
1330 1830 1437 1867 locus
1463 1834 1535 1876 est,
1561 1842 1665 1879 quum
1683 1828 1769 1866 Fri-

182 1887 329 1947 dericus
364 1906 568 1945 Guilelmus
604 1907 762 1953 Quartus
796 1919 932 1945 summa
966 1909 1093 1959 populi
1132 1920 1201 1959 spe
1241 1912 1280 1946 et
1312 1908 1449 1947 fiducia
1480 1920 1597 1947 rerum
1631 1910 1766 1959 potitus

181 1989 240 2035 sit,
267 1986 336 2026 sed
363 1997 456 2036 quae
482 1989 724 2038 proruperunt
749 1986 932 2034 lacrimae,
959 1998 1024 2025 eas
1051 1999 1124 2025 non
1150 1987 1275 2025 elicuit
1301 1989 1369 2025 nisi
1396 1989 1462 2026 illa
1489 1990 1636 2027 caritas.
1687 1987 1764 2025 De-

183 2060 295 2105 cessit
319 2065 406 2103 Bex
432 2064 651 2103 circumfuso
685 2077 757 2103 non
785 2065 997 2103 custodibus
1030 2066 1099 2103 sed
1134 2068 1282 2103 maestis
1314 2069 1448 2105 civium
1475 2071 1635 2106 catervis
1659 2044 1784 2118 pala-l

180 2147 245 2192 tio,
270 2142 451 2181 adstante
468 2145 536 2194 ipsi
564 2145 738 2183 universa
773 2143 908 2182 familia
933 2145 1121 2194 Augustat
1153 2145 1412 2199 advolaverat.
1429 2159 1477 2184 ex
1504 2145 1664 2185 Orientis
1698 2158 1766 2185 so·

180 2222 233 2261 lio
261 2223 474 2273 Imperatrix
508 2223 585 2261 filia
616 2222 869 2270 dilectissima3
903 2225 1062 2262 moriens
1097 2225 1181 2262 Rex
1216 2225 1396 2263 valedixit
1427 2237 1567 2274 genero
1601 2226 1763 2274 Impera-

180 2302 262 2342 tori.
333 2301 493 2351 Reliquit
525 2313 676 2351 regnum
709 2303 786 2340 filio
820 2303 1108 2352 Augustissimo,
1150 2316 1253 2353 quem
1285 2303 1428 2342 sciebat
1461 2317 1528 2342 sua
1558 2311 1759 2342 secuturum

180 2380 350 2430 vestigia-
404 2380 551 2418 Gratias
577 2382 687 2430 igitur
704 2382 843 2431 agimus
870 2382 957 2440 tibi,
973 2381 1075 2420 Deus
1093 2382 1236 2434 Optime
1253 2383 1424 2429 Maxime,
1451 2382 1549 2432 quod
1576 2388 1760 2435 postquam

1532 2445 1554 2479 3
