1955 2677
946 151 971 187 ⁷

165 279 278 316 cessit
294 276 378 314 Rex
404 279 523 314 aetate
550 275 758 320 firmissima,
785 273 1034 324 pulcherrimis
1062 276 1167 312 animi
1193 278 1399 326 ingeniique
1417 275 1562 314 dotibus
1588 276 1751 325 insignis,

165 357 306 406 optimis
323 357 518 393 instructus
544 354 692 399 artibus,
720 355 823 391 cuius
849 354 1014 404 publicas
1040 356 1274 405 privatasque
1292 358 1445 393 virtutes
1473 368 1540 392 usu
1568 359 1604 392 et
1633 365 1753 405 expe-

163 435 291 471 rientia
324 440 361 472 et
387 422 575 472 beneficiis
608 431 644 470 iu
679 444 746 470 nos
784 433 929 470 collatis
963 433 1134 471 habemus
1169 437 1355 483 cognitas,
1390 437 1493 471 cuius
1527 435 1751 484 praeclaram

163 512 321 551 indolem
349 525 422 550 non
450 524 602 551 vererer
628 514 697 549 iam
723 524 819 550 nunc
846 512 992 551 uberius
1020 513 1219 560 celebrare,
1247 515 1314 550 nisi
1339 515 1625 563 intempestivum
1643 513 1753 550 Prin-

163 593 254 643 cipis
281 594 484 643 incipientis
511 593 743 643 praeconium
770 594 807 630 in
834 591 904 631 hac
934 594 1110 630 communi
1138 597 1176 631 et
1201 606 1335 631 summa
1361 595 1503 630 tristitia
1531 604 1616 631 esse
1643 591 1750 631 vide-

161 674 271 709 retur.
324 671 405 710 Sed
434 684 537 722 quam
564 673 713 710 alteram
736 671 814 709 dixi
832 674 1127 710 immortalitatem
1154 675 1317 719 nominis,
1345 684 1422 710 eam
1451 685 1554 722 quum
1583 683 1655 709 non
1681 684 1752 709 una

161 753 225 788 via
251 753 424 801 consequi
451 753 635 806 principes
663 753 734 789 viri
760 753 916 802 possint,
951 756 988 790 et
1014 754 1168 789 maxime
1201 753 1266 790 vel
1293 752 1429 790 bellica
1456 751 1565 788 laude
1592 751 1657 789 vel
1684 763 1751 800 pa-

162 831 216 867 cis
244 830 392 873 artibus,
421 831 617 868 Borussiae
644 830 738 869 haec
765 831 878 880 longo
907 842 957 869 ex
984 834 1144 882 tempore
1171 831 1330 869 felicitas
1358 834 1431 877 est,
1459 828 1557 879 quod
1585 831 1663 867 eius
1691 841 1750 866 re-

161 920 230 958 ges
264 913 415 958 utraque
450 909 570 958 gloria
602 910 800 949 excellunt.
855 909 936 949 Sed
971 911 1065 948 alius
1101 914 1220 949 tamen
1256 911 1362 948 aliam
1396 911 1474 947 iniit
1506 911 1601 947 viam
1635 920 1749 946 rerum

160 986 351 1038 praeclare
387 986 645 1037 gerendarum;
679 988 905 1026 beatissimus
942 989 1054 1026 Pater
1086 992 1225 1040 patriae
1260 989 1388 1038 quibus
1413 988 1588 1034 moribus,
1623 987 1750 1036 quibus

159 1067 269 1104 rebus
297 1071 432 1116 gestiS,
473 1068 602 1116 quibus
630 1069 819 1113 institutis,
861 1068 990 1116 quibus
1024 1069 1190 1105 fortunae
1226 1067 1555 1113 vicissitudinibus,
1596 1066 1750 1115 denique

160 1156 230 1194 quo
258 1156 436 1182 successu
462 1144 556 1183 hanc
583 1147 829 1183 aeternitatem
855 1148 1006 1183 nominis
1033 1148 1221 1193 meruerit,
1255 1158 1359 1184 nemo
1387 1149 1546 1184 vestrum
1574 1149 1649 1190 est,
1683 1156 1751 1180 au-

160 1221 313 1268 ditores,
348 1225 431 1272 quin
466 1235 560 1261 nunc
594 1224 765 1261 devitatis
800 1224 1017 1272 quibuslibet
1050 1227 1222 1262 orationis
1256 1225 1492 1263 deverticulis
1527 1228 1634 1261 unice
1665 1223 1748 1259 mihi

160 1300 409 1339 disserendum
437 1312 522 1339 esse
549 1302 748 1352 intelligat,
782 1304 889 1340 unice
923 1302 1050 1341 audire
1079 1305 1209 1354 cupiat.
1264 1303 1363 1349 Quas
1399 1315 1459 1340 res
1488 1315 1591 1352 quum
1618 1302 1747 1350 singil-

159 1381 255 1418 latim
291 1385 328 1418 et
361 1382 512 1432 sparsim
545 1382 711 1431 integrae
747 1394 862 1433 prope
899 1386 1027 1420 aetatis
1055 1382 1213 1421 decursu
1240 1394 1375 1420 summo
1403 1381 1523 1419 studio
1558 1385 1595 1418 et
1622 1382 1747 1431 regiae

159 1461 302 1498 virtutis
338 1458 575 1499 admiratione
609 1465 859 1511 exposuerim,
899 1474 995 1501 nunc
1037 1473 1157 1500 earum
1197 1473 1316 1500 rerum
1355 1462 1603 1501 brevissimam
1645 1462 1745 1509 quasi

157 1550 324 1575 summam
351 1538 492 1575 faciam.
547 1538 736 1590 Simplicia
763 1541 877 1579 verba
904 1541 1049 1591 loquar,
1084 1553 1197 1580 verus
1224 1541 1377 1579 affectus
1404 1552 1475 1576 non
1504 1543 1683 1588 evagatur
1709 1541 1744 1574 in

155 1618 395 1654 luxuriantem
423 1618 737 1669 exsultantemque
771 1621 981 1658 orationem.
1037 1619 1132 1666 Quid
1167 1600 1265 1669 quod
1301 1620 1406 1657 etiam
1444 1622 1503 1668 qui
1537 1619 1744 1656 uberrimam

156 1694 302 1734 dicendi
330 1700 468 1747 copiam
495 1696 683 1747 panderet,
711 1711 783 1737 non
811 1703 939 1749 posset
966 1712 1039 1738 non
1066 1699 1179 1748 longe
1206 1698 1300 1737 infra
1326 1710 1445 1736 rerum
1473 1696 1681 1746 dignitatem
1708 1702 1744 1734 et

155 1774 431 1824 magnitudinem
460 1776 687 1814 consIstere?

312 1854 493 1893 Friderici
522 1855 694 1894 Guilelmi
722 1857 883 1896 indolem
911 1855 1151 1898 considerans
1185 1868 1258 1895 non
1293 1856 1417 1895 dubito
1452 1856 1635 1893 multarum
1666 1857 1745 1894 vir-

154 1936 264 1970 tutum
299 1937 429 1970 seriem
464 1933 670 1983 deducere,
708 1936 806 1986 quod
839 1941 876 1974 et
909 1942 989 1988 ipse
1022 1942 1101 1975 scio
1139 1936 1207 1974 has
1241 1938 1277 1973 iu
1312 1948 1358 1973 eo
1394 1936 1506 1972 fuisse
1535 1947 1678 1982 omnes,
1706 1940 1741 1972 et

154 2012 246 2050 male
281 2012 477 2051 iudicarem
511 2013 558 2052 de
593 2016 728 2065 pietate
764 2019 908 2063 vestra,
942 2018 974 2054 si
1009 2029 1216 2068 quemquam
1250 2018 1413 2054 vestrum
1446 2018 1608 2066 putarem
1635 2015 1738 2052 aliter

153 2094 322 2129 statuere.
376 2089 454 2130 Cur
481 2093 572 2131 enim
598 2094 663 2132 ille
691 2098 760 2132 tam
789 2107 895 2134 carus
923 2096 1086 2134 omnibus
1115 2095 1201 2142 fuit,
1236 2107 1302 2134 cur
1330 2094 1492 2133 omnibus
1526 2093 1615 2130 obiit
1640 2092 1744 2131 flebi-

152 2169 217 2215 lis,
254 2182 318 2208 cur
344 2172 414 2207 tam
443 2169 671 2210 desideratus
699 2178 775 2220 est,
812 2176 882 2211 nisi
909 2174 956 2211 ob
985 2177 1141 2213 virtutes
1169 2186 1261 2224 quae
1288 2177 1324 2211 in
1353 2186 1398 2211 eo
1426 2169 1629 2210 eminebant
1654 2173 1739 2222 plu-

151 2247 284 2284 rimas?
324 2249 409 2286 Fuit
426 2250 595 2301 profecto
614 2252 835 2291 admirabilis
861 2256 898 2291 in
925 2255 991 2292 illo
1011 2255 1182 2294 bonarum
1209 2255 1334 2290 artium
1354 2252 1563 2289 coniunctIo
1591 2254 1628 2287 et
1647 2262 1738 2288 con-

151 2324 296 2365 cordia:
323 2326 418 2367 hanc
436 2341 540 2378 vero,
567 2334 606 2368 ut
633 2334 730 2370 acuti
759 2344 966 2383 gravesque
994 2335 1075 2370 soni
1102 2335 1344 2384 temperantur
1371 2333 1406 2368 in
1435 2333 1661 2375 concentum,
1687 2332 1736 2365 ita

149 2408 185 2443 in
213 2405 366 2444 hominis
402 2410 519 2447 animo
554 2411 669 2451 efficit
695 2411 894 2451 moderatio
929 2417 966 2452 et
992 2415 1245 2465 temperantia,
1280 2423 1371 2462 quae
1406 2409 1491 2447 mihi
1516 2410 1664 2449 videtur
1693 2421 1738 2446 ea
