1955 2677
955 128 986 175 *9

173 258 241 292 cor
259 257 330 289 ζιιο·
346 251 486 288 minimo
515 249 656 301 quidem
682 249 909 287 humanitatis
936 252 1045 287 sensu
1086 250 1250 288 imbutum
1288 251 1466 300 siliceque
1506 254 1543 288 et
1578 249 1764 291 adamante

161 322 297 366 ‘durius
330 318 455 374 fuerit,
492 331 596 365 cuius
632 330 706 364 coi·⁴
735 329 938 375 illa²regia
970 329 1141 365 voluntas
1172 341 1246 365 *non
1280 331 1456 377 tetigerit!
1519 330 1613 372 Quid
1648 329 1765 365 dicam

159 399 233 445 ide.
252 397 381 457 Regis
403 407 599 445 beatissimi
632 407 768 457 pietate
802 394 840 444 et
865 408 1085 453 sanctitate,
1119 419 1189 456 qua
1225 406 1383 445 divinum
1414 419 1540 445 numen
1577 408 1690 446 coluit
1724 412 1765 446 et

168 488 348 522 reveritus
376 478 444 529 est,
473 496 565 533 quae
593 486 768 532 nunquam
795 496 904 532 passa
931 489 998 529 est,
1026 489 1064 520 ut
1091 497 1113 520 a
1140 489 1242 521 recta
1269 487 1491 521 conscientia
1516 490 1760 523 transversum

169 553 325 611 unguem
360 561 595 600 discederet?
663 561 775 606 Quam
812 564 964 610 egregio
992 567 1107 600 autem
1135 566 1412 612 temperamento
1441 575 1519 600 cum
1547 565 1760 612 parsimonia

171 641 332 677 sociavit
366 639 618 676 liberalitatem
659 643 696 675 et
730 639 1019 685 munificentiam,
1060 652 1130 676 nec
1169 644 1280 676 tenax
1322 651 1426 689 opum
1469 651 1537 676 nec
1580 641 1756 689 profusus,

169 719 288 754 multis
322 719 518 767 sumptibus
554 720 589 754 in
621 719 818 754 litterarum
853 721 1050 766 artiumque
1083 719 1207 755 florem
1242 722 1279 755 et
1313 720 1347 753 in
1385 719 1566 756 ecclesiae
1595 722 1757 756 necessi-

166 798 261 832 tates
296 797 473 843 erogatis,
515 795 634 831 multIs
668 797 838 845 impensis
879 788 920 832 ut
951 799 1181 833 succurreret
1215 797 1416 845 provinciis
1457 796 1520 833 vel
1563 796 1656 833 fame
1692 797 1756 833 vel

166 875 372 924 pestilentia
399 875 463 912 vel
501 886 666 912 annonae
701 876 843 913 vilItate
878 865 941 913 'vel
974 876 1149 911 fluminum
1185 875 1432 912 exundatione
1465 876 1627 921 afflictis,
1660 875 1755 913 haud

168 944 324 1000 ekiguas
351 952 499 1001 insuper
524 956 699 1001 pecunias
726 963 773 988 ex
799 954 943 1001 privato
971 952 1061 989 fisco
1090 953 1260 1000 largitus,
1297 956 1335 988 ut
1360 954 1590 1001 singulorum,
1620 956 1679 1002 qui
1705 954 1754 990 ad

165 1031 278 1079 ipsum
306 1030 573 1078 confugissent,
614 1030 758 1067 levaret
794 1031 949 1079 inopiam
984 1034 1021 1066 et
1055 1032 1253 1078 angustiam
1287 1032 1422 1067 rerum!
1478 1031 1564 1067 Non
1593 1031 1656 1067 ille
1685 1043 1752 1066 un-

164 1120 267 1158 quam
295 1107 462 1145 obduruit
489 1106 538 1143 ad
566 1109 771 1156 cuiusquam
792 1098 978 1153 miseriam,
1006 1107 1074 1144 sed
1102 1109 1194 1145 iuter
1222 1109 1320 1157 ipsas
1349 1110 1486 1158 imperii
1515 1120 1631 1153 curas,
1660 1120 1751 1156 quae

163 1187 295 1235 triplici
321 1198 407 1222 aere
436 1186 545 1222 condi
572 1190 700 1234 pectus
727 1174 890 1230 iubeant,
926 1186 1110 1221 humanam
1148 1188 1292 1222 retinuit
1319 1187 1609 1222 misericordiam.
1663 1187 1748 1223 Nec

161 1264 351 1313 quidquam
377 1264 465 1301 fecit
492 1265 527 1299 in
556 1265 782 1301 iactationem
811 1267 848 1300 et
879 1265 1152 1300 ostentationem
1171 1263 1351 1312 Princeps
1380 1266 1529 1300 omnium
1559 1276 1652 1312 quos
1678 1276 1748 1300 no-

158 1344 276 1379 vimus
302 1342 603 1387 modestissimus,
640 1342 824 1389 famaeque
857 1343 890 1377 si
917 1353 989 1378 non
1017 1343 1240 1387 incuriosus,
1275 1345 1313 1377 at
1347 1345 1447 1378 certe
1475 1354 1543 1378 non
1573 1347 1747 1393 appetens

160 1421 292 1472 cupide
318 1422 384 1460 vel
410 1422 608 1458 ambitiose.
661 1420 770 1457 Immo
807 1433 897 1468 quas
932 1421 1009 1458 dixi
1044 1423 1079 1457 in
1113 1432 1158 1458 eo
1192 1425 1409 1470 conspicuas
1438 1423 1593 1459 virtutes
1623 1423 1746 1466 fuisse,

160 1501 274 1538 noluit
300 1505 378 1550 ipse
406 1511 490 1537 esse
518 1500 745 1549 conspicuas.
798 1499 915 1535 Nullo
950 1499 1014 1536 ille
1041 1501 1191 1549 partium
1226 1499 1344 1536 studio
1373 1503 1529 1544 tractus,
1565 1500 1652 1536 nulli
1690 1502 1745 1537 ci-

158 1583 256 1616 vium
284 1579 400 1616 ordini
428 1590 516 1628 prae
552 1580 685 1615 ceteris
712 1577 862 1623 favens,
898 1578 1007 1614 nullis
1042 1590 1110 1614 nec
1146 1578 1371 1624 famulorum,
1408 1582 1447 1614 ut
1476 1578 1626 1614 Romani
1662 1579 1744 1615 olim

159 1659 393 1707 imperatores
420 1658 639 1703 libertorum,
667 1668 736 1694 nec
763 1656 1004 1702 familiarium,
1040 1659 1071 1692 si
1108 1661 1222 1693 tamen
1259 1657 1454 1693 familiares
1481 1659 1650 1707 princeps
1677 1657 1743 1694 ha-

157 1737 229 1784 bet,
256 1748 325 1774 nec
353 1736 552 1774 delatorum
570 1737 635 1774 vel
654 1736 920 1786 speculatorum
948 1736 1013 1773 vel
1032 1736 1300 1785 exploratorum
1328 1736 1487 1773 vocibus
1516 1740 1552 1773 et
1579 1738 1742 1773 insusur-

157 1817 286 1854 rationi
314 1819 351 1853 et
368 1816 519 1853 stimulis
538 1815 730 1861 obnoxius,
757 1818 795 1851 ut
823 1815 886 1852 ille
905 1814 957 1851 M.
977 1814 1181 1851 Antoninus
1208 1826 1296 1851 suos
1324 1826 1465 1864 semper
1486 1827 1603 1851 mores
1630 1817 1746 1852 tenuit

158 1898 455 1933 constantissime.
510 1895 612 1932 Haec
646 1894 725 1931 fere
762 1897 879 1930 omnia
907 1896 1198 1932 coniunctissima
1233 1898 1316 1930 sunt
1350 1906 1427 1931 cum
1456 1896 1676 1931 continentia
1710 1900 1746 1932 et

156 1973 419 2021 moderatione,
448 1987 550 2023 quam
577 1974 674 2022 Regi
702 1973 908 2010 beatissimo
943 1974 1045 2021 quasi
1073 1974 1250 2022 propriam
1284 1973 1397 2008 fuisse
1423 1973 1648 2021 significavi:
1685 1975 1742 2021 qui

157 2066 322 2091 summum
349 2057 470 2090 tantae
498 2054 658 2090 civitatis
686 2053 866 2101 imperium
895 2056 1050 2096 teneret,
1086 2051 1174 2087 nihil
1202 2054 1299 2101 prius
1327 2063 1445 2100 neque
1472 2053 1646 2098 antiquius
1675 2051 1741 2088 ha-

155 2133 248 2180 buit,
283 2145 386 2182 quam
419 2137 459 2169 ut
484 2136 602 2170 mente
630 2132 829 2181 composita
865 2131 933 2168 sibi
961 2133 1152 2181 imperaret
1179 2132 1276 2180 ipse,
1311 2131 1439 2181 procul
1473 2129 1611 2166 habens
1647 2131 1743 2177 odia,

155 2212 246 2257 iras,
274 2211 488 2262 cupiditates
514 2215 702 2259 motusque
729 2210 835 2246 animi
864 2209 1044 2257 quoslibet
1071 2211 1210 2245 nimium
1238 2209 1497 2258 perturbantes.
1553 2208 1645 2252 Quid
1676 2214 1741 2247 mi-

155 2302 230 2328 rum
257 2290 377 2338 igitur,
404 2295 436 2328 si
463 2301 532 2339 quo
560 2290 639 2338 ipse
657 2291 936 2337 temperamento
963 2289 999 2323 in
1018 2289 1187 2325 universa
1207 2289 1284 2325 vita
1310 2300 1399 2324 usus
1426 2291 1491 2330 est,
1518 2286 1612 2324 idem
1642 2300 1739 2326 com-

156 2369 351 2407 municavit
378 2379 457 2406 cum
485 2365 698 2419 republica?
754 2366 827 2403 Per
854 2377 977 2403 omnes
1004 2368 1096 2403 enim
1123 2366 1346 2417 reipublicae
1374 2368 1505 2415 partes,
1532 2378 1600 2416 per
1625 2366 1740 2415 Regis

1511 2428 1532 2459 2
