1955 2677
200 659 335 790 Qui
362 719 446 758 inde
477 721 522 758 ab
550 720 801 760 adolescentia
826 722 1014 759 multorum
1042 724 1138 759 serie
1164 732 1337 758 annorum
1364 722 1532 758 continua
1558 721 1788 758 laetissimam

196 807 275 840 eius
304 802 376 841 diei
403 804 697 851 sollemnitatem,
733 817 802 854 quo
839 807 976 855 patriae
1012 802 1177 843 beandae
1214 807 1319 841 natus
1347 802 1560 841 Fridericus
1585 802 1786 840 Guilelmus

197 884 262 929 est,
292 887 455 921 oratione
478 896 557 922 mea
576 884 774 930 celebravi,
803 886 873 924 viri
891 885 1132 930 illustrissimi,
1161 883 1370 929 doctissimi,
1390 883 1660 931 *commilitones
1678 894 1785 920 orna-

196 963 339 1008 tissimi,
373 975 468 1000 nunc
503 964 625 1000 ultimo
662 964 787 1001 officio
815 965 935 1001 Patris
969 967 1107 1014 patriae
1141 963 1304 1000 manibus
1331 966 1598 1013 parentaturum
1634 974 1703 1011 quo
1730 973 1785 999 me

196 1030 306 1078 sensu
334 1042 511 1088 affectum,
539 1054 609 1090 qua
636 1041 770 1080 fiducia
788 1044 998 1080 instructum
1025 1041 1179 1091 aggredi
1207 1045 1339 1091 putatis
1367 1040 1415 1077 ad
1442 1044 1574 1077 tantam
1602 1052 1687 1086 rem,
1714 1046 1785 1077 tam

194 1131 345 1168 gravem
373 1124 409 1158 et
436 1119 600 1166 arduam,
635 1125 706 1156 tam
732 1124 867 1158 tristem
896 1125 932 1158 et
959 1120 1173 1170 lugubrem?
1220 1120 1375 1157 Sensum
1403 1119 1544 1169 quidem
1572 1122 1678 1157 animi
1717 1122 1783 1157 mei

195 1209 245 1236 ex
272 1202 400 1236 vestro
425 1200 587 1248 quisque,
616 1203 791 1248 quotquot
818 1199 966 1246 adestis,
993 1201 1121 1245 animo,
1150 1210 1197 1237 ex
1225 1200 1400 1237 communi
1419 1200 1667 1237 universorum
1685 1210 1784 1236 mae-

194 1288 277 1314 rore
306 1281 342 1314 et
369 1276 553 1315 desiderio
582 1289 792 1327 comparare
819 1282 984 1327 potestis,
1021 1290 1126 1325 quum
1154 1276 1201 1315 de
1228 1278 1345 1326 Regis
1373 1277 1473 1314 obitu
1500 1277 1686 1315 doleamus
1713 1282 1785 1314 tam

194 1354 336 1400 dilecti,
372 1359 410 1392 ut
436 1356 547 1394 vitam
573 1355 673 1393 illius
702 1358 855 1407 optimus
883 1358 1052 1406 quisque,
1087 1357 1121 1393 si
1154 1355 1234 1393 fieri
1260 1357 1455 1406 potuisset,
1488 1368 1555 1393 sua
1582 1360 1695 1394 morte
1722 1367 1783 1393 re-

195 1433 400 1485 dempturus
428 1434 555 1481 suerit3
592 1434 728 1473 fiducia
756 1439 922 1485 quantum
957 1448 1013 1473 me
1040 1434 1187 1474 deficiat:
1220 1439 1258 1473 et
1291 1437 1416 1473 merito
1445 1435 1610 1481 deficiat,
1649 1447 1783 1473 vereor

193 1526 239 1552 ne
267 1519 374 1565 pauci
401 1518 489 1551 satis
516 1516 730 1553 existiment.
783 1516 880 1553 Nam
908 1528 1012 1566 quum
1040 1516 1150 1553 multa
1176 1517 1266 1562 sint,
1299 1527 1392 1564 quae
1421 1516 1624 1566 superstitis
1652 1514 1782 1553 domini

192 1592 435 1631 laudationem
453 1591 607 1631 reddant
634 1593 816 1632 difficilem
852 1599 890 1632 et
917 1599 1125 1645 ancipitem,
1152 1598 1269 1632 tamen
1296 1596 1332 1631 in
1359 1606 1404 1631 eo
1432 1606 1578 1631 munere
1597 1594 1781 1643 fungendo

193 1672 291 1708 haud
318 1677 444 1722 paucis
471 1673 581 1710 rebus
608 1676 759 1722 erigitur
785 1678 922 1710 animus
949 1678 986 1711 et
1013 1674 1262 1711 confirmatur:
1297 1674 1515 1712 obversatur
1551 1673 1685 1710 dicenti
1719 1684 1781 1710 se-

193 1762 280 1787 rena
307 1753 479 1801 principis
507 1752 669 1789 florentIs
696 1755 834 1802 imago,
863 1764 955 1802 quae
982 1752 1163 1790 hilaritate
1189 1752 1384 1802 perfundat
1411 1755 1608 1797 oratorem3
1645 1754 1780 1801 gratis-

193 1831 289 1867 simis
323 1834 361 1867 et
387 1829 605 1868 dulcissimis
632 1833 824 1870 affectibus
851 1836 1019 1871 movetur
1055 1836 1190 1869 animus
1219 1831 1394 1879 dicentis,
1430 1844 1534 1881 quum
1568 1831 1662 1869 bono
1700 1834 1781 1881 regi

193 1908 373 1948 secundas
393 1910 664 1960 congratulatur
692 1923 752 1949 res
779 1915 816 1950 et
843 1924 909 1963 pro
937 1912 1035 1950 illius
1062 1911 1180 1949 salute
1207 1914 1297 1950 vota
1324 1911 1427 1956 facit3
1455 1910 1541 1948 laeti
1564 1909 1780 1949 audientium

193 1989 317 2028 vultus
344 1990 506 2027 tenuitati
533 1991 662 2029 virium
689 1989 826 2029 addunt
852 2004 989 2031 nervos
1016 1996 1124 2041 atque
1152 1993 1256 2029 etiam
1283 1990 1387 2029 tardo
1416 1990 1586 2027 calcaria.
1643 1992 1778 2029 Verum

193 2073 229 2106 in
256 2067 311 2105 his
339 2068 589 2106 funestissimis
615 2070 849 2108 sollemnibus
875 2071 924 2108 ad
942 2069 1219 2121 perturbandum
1246 2073 1283 2107 et
1310 2068 1603 2107 confundendum
1629 2071 1777 2105 animum

194 2150 398 2197 comparata
425 2151 542 2185 omnia
567 2153 667 2195 sunt,
693 2144 831 2186 maesta
855 2150 931 2187 loci
959 2150 1093 2196 facies,
1123 2154 1248 2187 vestra
1277 2152 1443 2195 tristitia,
1465 2148 1685 2196 reipublicae
1721 2149 1780 2185 lu-

194 2229 285 2274 ctus,
312 2225 466 2274 denique
493 2238 593 2265 meus
620 2230 734 2279 ipsius
761 2240 902 2266 maeror
929 2234 966 2267 et
984 2228 1186 2279 aegritudo,
1215 2240 1306 2278 quae
1325 2228 1466 2275 frangat
1485 2230 1592 2263 etiam
1619 2226 1778 2266 validio-

193 2316 278 2349 rem,
306 2317 350 2341 os
377 2305 548 2343 occludat
575 2306 730 2345 disertis.
784 2309 846 2346 Ne
874 2310 1002 2346 multa:
1028 2313 1060 2345 si
1088 2320 1190 2356 quam
1217 2319 1265 2344 ex
1293 2305 1542 2355 frequentibus
1569 2306 1687 2356 Regis
1714 2320 1775 2343 sn-

193 2385 351 2436 perstitis
378 2384 643 2424 laudationibus
670 2391 759 2425 meis
786 2386 914 2425 bonam
950 2387 997 2425 de
1031 2398 1086 2424 me
1115 2388 1415 2425 existimationem
1451 2388 1576 2422 vestra
1611 2387 1777 2435 concepit

1523 2444 1569 2477 l*
