<?xml version="1.0" encoding="UTF-8"?>
<!DOCTYPE html PUBLIC "-//W3C//DTD XHTML 1.0 Transitional//EN"
    "http://www.w3.org/TR/xhtml1/DTD/xhtml1-transitional.dtd">
<html xmlns="http://www.w3.org/1999/xhtml" xml:lang="en" lang="en">
 <head>
  <title>
</title>
<meta http-equiv="Content-Type" content="text/html;charset=utf-8" />
  <meta name='ocr-system' content='tesseract 3.04.00' />
  <meta name='ocr-capabilities' content='ocr_page ocr_carea ocr_par ocr_line ocrx_word'/>
</head>
<body>
  <div class='ocr_page' id='page_1' title='image "4621502_0020.png"; bbox 0 0 1955 2677; ppageno 0'>
   <div class='ocr_carea' id='block_1_1' title="bbox 935 121 986 158">
    <p class='ocr_par' dir='ltr' id='par_1_1' title="bbox 935 121 986 158">
     <span class='ocr_line' id='line_1_1' title="bbox 935 121 986 158; baseline 0.039 -2"><span class='ocrx_word' id='word_1_1' title='bbox 935 121 986 158; x_wconf 77' lang='lat'><strong>14</strong></span> 
     </span>
    </p>
   </div>
   <div class='ocr_carea' id='block_1_2' title="bbox 158 242 1764 2425">
    <p class='ocr_par' dir='ltr' id='par_1_2' title="bbox 158 242 1764 2425">
     <span class='ocr_line' id='line_1_2' title="bbox 158 242 1757 295; baseline -0.003 -9"><span class='ocrx_word' id='word_1_2' title='bbox 158 247 270 286; x_wconf 82' lang='lat' dir='ltr'><strong>urbes</strong></span> <span class='ocrx_word' id='word_1_3' title='bbox 297 250 335 284; x_wconf 88' lang='lat' dir='ltr'><strong>et</strong></span> <span class='ocrx_word' id='word_1_4' title='bbox 360 243 496 295; x_wconf 87' lang='lat' dir='ltr'><strong>oppida</strong></span> <span class='ocrx_word' id='word_1_5' title='bbox 521 245 630 282; x_wconf 82' lang='lat' dir='ltr'><strong>novis</strong></span> <span class='ocrx_word' id='word_1_6' title='bbox 657 243 978 281; x_wconf 63' lang='lat' dir='ltr'><strong>constitutionibus</strong></span> <span class='ocrx_word' id='word_1_7' title='bbox 1005 246 1132 289; x_wconf 80' lang='lat' dir='ltr'><strong>aucta,</strong></span> <span class='ocrx_word' id='word_1_8' title='bbox 1159 245 1198 280; x_wconf 88' lang='lat' dir='ltr'><strong>ut</strong></span> <span class='ocrx_word' id='word_1_9' title='bbox 1223 253 1286 280; x_wconf 78' lang='lat' dir='ltr'><strong>res</strong></span> <span class='ocrx_word' id='word_1_10' title='bbox 1312 254 1399 280; x_wconf 73' lang='lat' dir='ltr'><strong>suns</strong></span> <span class='ocrx_word' id='word_1_11' title='bbox 1425 242 1666 291; x_wconf 68' lang='lat' dir='ltr'><strong>commodius-,2</strong></span> <span class='ocrx_word' id='word_1_12' title='bbox 1683 245 1757 281; x_wconf 72' lang='lat' dir='ltr'><strong>uti·-</strong></span> 
     </span>
     <span class='ocr_line' id='line_1_3' title="bbox 159 319 1759 375; baseline 0 -13"><span class='ocrx_word' id='word_1_13' title='bbox 159 327 250 374; x_wconf 74' lang='lat' dir='ltr'><strong>lius,</strong></span> <span class='ocrx_word' id='word_1_14' title='bbox 275 324 424 362; x_wconf 86' lang='lat' dir='ltr'><strong>liberius</strong></span> <span class='ocrx_word' id='word_1_15' title='bbox 452 325 561 361; x_wconf 75' lang='lat' dir='ltr'><strong>cives</strong></span> <span class='ocrx_word' id='word_1_16' title='bbox 585 325 759 372; x_wconf 74' lang='lat' dir='ltr'><strong>gererent</strong></span> <span class='ocrx_word' id='word_1_17' title='bbox 785 334 853 373; x_wconf 92' lang='lat' dir='ltr'><strong>per</strong></span> <span class='ocrx_word' id='word_1_18' title='bbox 877 333 968 360; x_wconf 82' lang='lat' dir='ltr'><strong>suos</strong></span> <span class='ocrx_word' id='word_1_19' title='bbox 995 324 1225 371; x_wconf 76' lang='lat' dir='ltr'><strong>magistratus</strong></span> <span class='ocrx_word' id='word_1_20' title='bbox 1251 325 1292 359; x_wconf 85' lang='lat' dir='ltr'><strong>et</strong></span> <span class='ocrx_word' id='word_1_21' title='bbox 1317 319 1557 368; x_wconf 64' lang='lat' dir='ltr'><strong>decuriones,</strong></span> <span class='ocrx_word' id='word_1_22' title='bbox 1589 322 1759 375; x_wconf 72' lang='lat' dir='ltr'><strong>opificum</strong></span> 
     </span>
     <span class='ocr_line' id='line_1_4' title="bbox 163 400 1758 454; baseline -0.001 -11"><span class='ocrx_word' id='word_1_23' title='bbox 163 405 324 453; x_wconf 82' lang='lat' dir='ltr'><strong>collegia</strong></span> <span class='ocrx_word' id='word_1_24' title='bbox 349 416 422 441; x_wconf 90' lang='lat' dir='ltr'><strong>non</strong></span> <span class='ocrx_word' id='word_1_25' title='bbox 448 404 557 454; x_wconf 77' lang='lat' dir='ltr'><strong>plane</strong></span> <span class='ocrx_word' id='word_1_26' title='bbox 584 402 729 451; x_wconf 87' lang='lat' dir='ltr'><strong>quidem</strong></span> <span class='ocrx_word' id='word_1_27' title='bbox 755 400 910 447; x_wconf 77' lang='lat' dir='ltr'><strong>sublata,</strong></span> <span class='ocrx_word' id='word_1_28' title='bbox 937 401 1007 440; x_wconf 82' lang='lat' dir='ltr'><strong>sed</strong></span> <span class='ocrx_word' id='word_1_29' title='bbox 1033 404 1084 439; x_wconf 80' lang='lat' dir='ltr'><strong>ita</strong></span> <span class='ocrx_word' id='word_1_30' title='bbox 1111 402 1255 447; x_wconf 70' lang='lat' dir='ltr'><strong>laxata,</strong></span> <span class='ocrx_word' id='word_1_31' title='bbox 1291 405 1331 438; x_wconf 83' lang='lat' dir='ltr'><strong>ut</strong></span> <span class='ocrx_word' id='word_1_32' title='bbox 1357 400 1478 438; x_wconf 76' lang='lat' dir='ltr'><strong>aditus</strong></span> <span class='ocrx_word' id='word_1_33' title='bbox 1504 400 1553 439; x_wconf 75' lang='lat' dir='ltr'><strong>ad</strong></span> <span class='ocrx_word' id='word_1_34' title='bbox 1579 413 1675 452; x_wconf 77' lang='lat' dir='ltr'><strong>opus</strong></span> <span class='ocrx_word' id='word_1_35' title='bbox 1699 403 1758 441; x_wconf 66' lang='lat' dir='ltr'><strong>fa-</strong></span> 
     </span>
     <span class='ocr_line' id='line_1_5' title="bbox 161 479 1759 532; baseline -0.003 -12"><span class='ocrx_word' id='word_1_36' title='bbox 161 482 327 521; x_wconf 85' lang='lat' dir='ltr'><strong>ciendum</strong></span> <span class='ocrx_word' id='word_1_37' title='bbox 354 494 400 519; x_wconf 88' lang='lat' dir='ltr'><strong>ne</strong></span> <span class='ocrx_word' id='word_1_38' title='bbox 428 484 531 519; x_wconf 75' lang='lat' dir='ltr'><strong>nimis</strong></span> <span class='ocrx_word' id='word_1_39' title='bbox 557 480 880 532; x_wconf 77' lang='lat' dir='ltr'><strong>praecluderetur3</strong></span> <span class='ocrx_word' id='word_1_40' title='bbox 907 480 1097 529; x_wconf 82' lang='lat' dir='ltr'><strong>agricolae</strong></span> <span class='ocrx_word' id='word_1_41' title='bbox 1125 491 1187 517; x_wconf 68' lang='lat' dir='ltr'><strong>ex⁴</strong></span> <span class='ocrx_word' id='word_1_42' title='bbox 1202 482 1324 518; x_wconf 80' lang='lat' dir='ltr'><strong>servis</strong></span> <span class='ocrx_word' id='word_1_43' title='bbox 1350 479 1467 525; x_wconf 82' lang='lat' dir='ltr'><strong>liberi,</strong></span> <span class='ocrx_word' id='word_1_44' title='bbox 1495 482 1577 530; x_wconf 76' lang='lat' dir='ltr'><strong>agri</strong></span> <span class='ocrx_word' id='word_1_45' title='bbox 1603 481 1672 531; x_wconf 60' lang='grc' dir='ltr'><strong>ἱρή</strong></span> <span class='ocrx_word' id='word_1_46' title='bbox 1690 480 1759 518; x_wconf 64' lang='lat' dir='ltr'><strong>di,</strong></span> 
     </span>
     <span class='ocr_line' id='line_1_6' title="bbox 160 558 1761 609; baseline -0.001 -11"><span class='ocrx_word' id='word_1_47' title='bbox 160 563 304 599; x_wconf 77' lang='lat' dir='ltr'>visione</span> <span class='ocrx_word' id='word_1_48' title='bbox 340 562 499 598; x_wconf 75' lang='lat' dir='ltr'><strong>instituta</strong></span> <span class='ocrx_word' id='word_1_49' title='bbox 526 560 745 605; x_wconf 66' lang='lat' dir='ltr'><strong>fertiliores,</strong></span> <span class='ocrx_word' id='word_1_50' title='bbox 787 559 851 596; x_wconf 90' lang='lat' dir='ltr'><strong>ubi</strong></span> <span class='ocrx_word' id='word_1_51' title='bbox 876 560 963 596; x_wconf 82' lang='lat' dir='ltr'><strong>olim</strong></span> <span class='ocrx_word' id='word_1_52' title='bbox 989 558 1118 598; x_wconf 76' lang='lat' dir='ltr'><strong>sabula</strong></span> <span class='ocrx_word' id='word_1_53' title='bbox 1142 560 1336 605; x_wconf 77' lang='lat' dir='ltr'><strong>inmensa,</strong></span> <span class='ocrx_word' id='word_1_54' title='bbox 1367 569 1466 596; x_wconf 85' lang='lat' dir='ltr'><strong>nunc</strong></span> <span class='ocrx_word' id='word_1_55' title='bbox 1493 560 1587 597; x_wconf 72' lang='lat' dir='ltr'><strong>viae</strong></span> <span class='ocrx_word' id='word_1_56' title='bbox 1608 560 1761 609; x_wconf 44' lang='lat' dir='ltr'><strong>egregie</strong></span> 
     </span>
     <span class='ocr_line' id='line_1_7' title="bbox 160 637 1760 689; baseline -0.004 -11"><span class='ocrx_word' id='word_1_57' title='bbox 160 644 319 687; x_wconf 79' lang='lat' dir='ltr'><strong>stratae3</strong></span> <span class='ocrx_word' id='word_1_58' title='bbox 355 640 556 689; x_wconf 79' lang='lat' dir='ltr'><strong>vectigalia</strong></span> <span class='ocrx_word' id='word_1_59' title='bbox 582 650 683 677; x_wconf 86' lang='lat' dir='ltr'><strong>novo</strong></span> <span class='ocrx_word' id='word_1_60' title='bbox 712 637 822 676; x_wconf 81' lang='lat' dir='ltr'><strong>modo</strong></span> <span class='ocrx_word' id='word_1_61' title='bbox 857 640 909 675; x_wconf 89' lang='lat' dir='ltr'><strong>ita</strong></span> <span class='ocrx_word' id='word_1_62' title='bbox 936 640 1150 684; x_wconf 71' lang='lat' dir='ltr'><strong>constitute,</strong></span> <span class='ocrx_word' id='word_1_63' title='bbox 1183 650 1258 676; x_wconf 88' lang='lat' dir='ltr'><strong>non</strong></span> <span class='ocrx_word' id='word_1_64' title='bbox 1292 642 1332 675; x_wconf 89' lang='lat' dir='ltr'><strong>ut</strong></span> <span class='ocrx_word' id='word_1_65' title='bbox 1365 650 1469 687; x_wconf 86' lang='lat' dir='ltr'><strong>quam</strong></span> <span class='ocrx_word' id='word_1_66' title='bbox 1495 638 1649 689; x_wconf 72' lang='lat' dir='ltr'><strong>plurim</strong></span> <span class='ocrx_word' id='word_1_67' title='bbox 1675 639 1760 676; x_wconf 76' lang='lat' dir='ltr'><strong>exi.-</strong></span> 
     </span>
     <span class='ocr_line' id='line_1_8' title="bbox 163 715 1761 769; baseline -0.001 -13"><span class='ocrx_word' id='word_1_68' title='bbox 163 724 294 769; x_wconf 84' lang='lat' dir='ltr'><strong>gantur</strong></span> <span class='ocrx_word' id='word_1_69' title='bbox 319 718 386 756; x_wconf 90' lang='lat' dir='ltr'><strong>sed</strong></span> <span class='ocrx_word' id='word_1_70' title='bbox 415 723 453 755; x_wconf 89' lang='lat' dir='ltr'><strong>ut</strong></span> <span class='ocrx_word' id='word_1_71' title='bbox 480 720 697 767; x_wconf 70' lang='lat' dir='ltr'><strong>aequissimi</strong></span> <span class='ocrx_word' id='word_1_72' title='bbox 722 719 813 764; x_wconf 76' lang='lat' dir='ltr'><strong>sint3</strong></span> <span class='ocrx_word' id='word_1_73' title='bbox 841 715 977 767; x_wconf 82' lang='lat' dir='ltr'><strong>oppida</strong></span> <span class='ocrx_word' id='word_1_74' title='bbox 1002 718 1276 768; x_wconf 70' lang='lat' dir='ltr'><strong>publicanorum</strong></span> <span class='ocrx_word' id='word_1_75' title='bbox 1292 717 1389 753; x_wconf 79' lang='lat' dir='ltr'><strong>olim</strong></span> <span class='ocrx_word' id='word_1_76' title='bbox 1417 716 1596 753; x_wconf 80' lang='lat' dir='ltr'><strong>custodiis</strong></span> <span class='ocrx_word' id='word_1_77' title='bbox 1622 717 1761 763; x_wconf 59' lang='lat' dir='ltr'><strong>clam</strong></span> 
     </span>
     <span class='ocr_line' id='line_1_9' title="bbox 160 795 1761 847; baseline -0.001 -12"><span class='ocrx_word' id='word_1_78' title='bbox 160 810 258 836; x_wconf 88' lang='lat' dir='ltr'><strong>nunc</strong></span> <span class='ocrx_word' id='word_1_79' title='bbox 290 802 401 835; x_wconf 86' lang='lat' dir='ltr'><strong>noctu</strong></span> <span class='ocrx_word' id='word_1_80' title='bbox 430 797 563 846; x_wconf 88' lang='lat' dir='ltr'><strong>diuque</strong></span> <span class='ocrx_word' id='word_1_81' title='bbox 589 798 741 847; x_wconf 63' lang='lat' dir='ltr'><strong>pervia,</strong></span> <span class='ocrx_word' id='word_1_82' title='bbox 775 799 991 835; x_wconf 85' lang='lat' dir='ltr'><strong>commercia</strong></span> <span class='ocrx_word' id='word_1_83' title='bbox 1024 798 1109 833; x_wconf 88' lang='lat' dir='ltr'><strong>olim</strong></span> <span class='ocrx_word' id='word_1_84' title='bbox 1142 796 1263 833; x_wconf 89' lang='lat' dir='ltr'><strong>multis</strong></span> <span class='ocrx_word' id='word_1_85' title='bbox 1297 795 1415 833; x_wconf 86' lang='lat' dir='ltr'><strong>modis</strong></span> <span class='ocrx_word' id='word_1_86' title='bbox 1440 795 1632 846; x_wconf 73' lang='lat' dir='ltr'><strong>impedita,</strong></span> <span class='ocrx_word' id='word_1_87' title='bbox 1664 806 1761 833; x_wconf 75' lang='lat' dir='ltr'><strong>nnnc</strong></span> 
     </span>
     <span class='ocr_line' id='line_1_10' title="bbox 161 873 1762 927; baseline -0.001 -14"><span class='ocrx_word' id='word_1_88' title='bbox 161 878 427 927; x_wconf 84' lang='lat' dir='ltr'><strong>promptissima</strong></span> <span class='ocrx_word' id='word_1_89' title='bbox 457 887 503 913; x_wconf 82' lang='lat' dir='ltr'><strong>ac</strong></span> <span class='ocrx_word' id='word_1_90' title='bbox 528 875 730 921; x_wconf 75' lang='lat' dir='ltr'><strong>liberrima,</strong></span> <span class='ocrx_word' id='word_1_91' title='bbox 765 879 954 925; x_wconf 73' lang='lat' dir='ltr'><strong>postquam</strong></span> <span class='ocrx_word' id='word_1_92' title='bbox 989 886 1070 912; x_wconf 87' lang='lat' dir='ltr'><strong>cum</strong></span> <span class='ocrx_word' id='word_1_93' title='bbox 1102 875 1266 926; x_wconf 79' lang='lat' dir='ltr'>plurimis</span> <span class='ocrx_word' id='word_1_94' title='bbox 1294 874 1516 912; x_wconf 68' lang='lat' dir='ltr'><strong>Germaniae</strong></span> <span class='ocrx_word' id='word_1_95' title='bbox 1540 873 1762 919; x_wconf 50' lang='lat' dir='ltr'><strong>civitatib,</strong></span> 
     </span>
     <span class='ocr_line' id='line_1_11' title="bbox 162 952 1763 1002; baseline -0.001 -10"><span class='ocrx_word' id='word_1_96' title='bbox 162 967 237 992; x_wconf 87' lang='lat' dir='ltr'><strong>uon</strong></span> <span class='ocrx_word' id='word_1_97' title='bbox 262 956 355 991; x_wconf 86' lang='lat' dir='ltr'><strong>lucri</strong></span> <span class='ocrx_word' id='word_1_98' title='bbox 383 965 496 991; x_wconf 86' lang='lat' dir='ltr'><strong>causa</strong></span> <span class='ocrx_word' id='word_1_99' title='bbox 522 953 593 990; x_wconf 88' lang='lat' dir='ltr'><strong>sed</strong></span> <span class='ocrx_word' id='word_1_100' title='bbox 628 958 668 990; x_wconf 90' lang='lat' dir='ltr'><strong>ut</strong></span> <span class='ocrx_word' id='word_1_101' title='bbox 694 955 828 990; x_wconf 86' lang='lat' dir='ltr'><strong>civium</strong></span> <span class='ocrx_word' id='word_1_102' title='bbox 856 965 949 1002; x_wconf 88' lang='lat' dir='ltr'><strong>opes</strong></span> <span class='ocrx_word' id='word_1_103' title='bbox 975 957 1189 989; x_wconf 71' lang='lat' dir='ltr'><strong>crescerent</strong></span> <span class='ocrx_word' id='word_1_104' title='bbox 1215 952 1486 1000; x_wconf 73' lang='lat' dir='ltr'><strong>quaerendique</strong></span> <span class='ocrx_word' id='word_1_105' title='bbox 1522 954 1631 1002; x_wconf 78' lang='lat' dir='ltr'><strong>copia</strong></span> <span class='ocrx_word' id='word_1_106' title='bbox 1664 955 1763 990; x_wconf 56' lang='lat' dir='ltr'><strong>eoeet</strong></span> 
     </span>
     <span class='ocr_line' id='line_1_12' title="bbox 159 1029 1762 1084; baseline -0.002 -13"><span class='ocrx_word' id='word_1_107' title='bbox 159 1033 313 1084; x_wconf 88' lang='lat' dir='ltr'><strong>amplior</strong></span> <span class='ocrx_word' id='word_1_108' title='bbox 339 1037 377 1069; x_wconf 91' lang='lat' dir='ltr'><strong>et</strong></span> <span class='ocrx_word' id='word_1_109' title='bbox 403 1032 569 1076; x_wconf 82' lang='lat' dir='ltr'><strong>facilior,</strong></span> <span class='ocrx_word' id='word_1_110' title='bbox 603 1030 652 1068; x_wconf 87' lang='lat' dir='ltr'><strong>de</strong></span> <span class='ocrx_word' id='word_1_111' title='bbox 678 1031 915 1080; x_wconf 65' lang='lat' dir='ltr'><strong>vectigalium</strong></span> <span class='ocrx_word' id='word_1_112' title='bbox 944 1030 1194 1068; x_wconf 76' lang='lat' dir='ltr'><strong>communione</strong></span> <span class='ocrx_word' id='word_1_113' title='bbox 1227 1029 1362 1068; x_wconf 72' lang='lat' dir='ltr'><strong>foedoe</strong></span> <span class='ocrx_word' id='word_1_114' title='bbox 1389 1031 1568 1079; x_wconf 73' lang='lat' dir='ltr'><strong>convenit</strong></span> <span class='ocrx_word' id='word_1_115' title='bbox 1593 1030 1762 1068; x_wconf 68' lang='lat' dir='ltr'><strong>saluber»-</strong></span> 
     </span>
     <span class='ocr_line' id='line_1_13' title="bbox 161 1109 1762 1160; baseline -0.002 -11"><span class='ocrx_word' id='word_1_116' title='bbox 161 1114 284 1149; x_wconf 85' lang='lat' dir='ltr'><strong>rimum</strong></span> <span class='ocrx_word' id='word_1_117' title='bbox 313 1112 524 1159; x_wconf 82' lang='lat' dir='ltr'><strong>exterisque</strong></span> <span class='ocrx_word' id='word_1_118' title='bbox 548 1120 667 1158; x_wconf 81' lang='lat' dir='ltr'><strong>aeque</strong></span> <span class='ocrx_word' id='word_1_119' title='bbox 693 1120 739 1147; x_wconf 86' lang='lat' dir='ltr'><strong>ac</strong></span> <span class='ocrx_word' id='word_1_120' title='bbox 766 1109 989 1146; x_wconf 75' lang='lat' dir='ltr'><strong>nostratibus</strong></span> <span class='ocrx_word' id='word_1_121' title='bbox 1015 1110 1316 1160; x_wconf 79' lang='lat' dir='ltr'><strong>acceptissimum.</strong></span> <span class='ocrx_word' id='word_1_122' title='bbox 1369 1109 1445 1147; x_wconf 74' lang='lat' dir='ltr'><strong>Iam</strong></span> <span class='ocrx_word' id='word_1_123' title='bbox 1470 1121 1564 1148; x_wconf 82' lang='lat' dir='ltr'><strong>vero</strong></span> <span class='ocrx_word' id='word_1_124' title='bbox 1591 1120 1670 1147; x_wconf 78' lang='lat' dir='ltr'><strong>rem</strong></span> <span class='ocrx_word' id='word_1_125' title='bbox 1693 1111 1762 1146; x_wconf 86' lang='lat' dir='ltr'><strong>mi·-</strong></span> 
     </span>
     <span class='ocr_line' id='line_1_14' title="bbox 160 1187 1762 1238; baseline -0.001 -11"><span class='ocrx_word' id='word_1_126' title='bbox 160 1192 311 1236; x_wconf 88' lang='lat' dir='ltr'><strong>litarem,</strong></span> <span class='ocrx_word' id='word_1_127' title='bbox 338 1201 432 1238; x_wconf 80' lang='lat' dir='ltr'><strong>quae</strong></span> <span class='ocrx_word' id='word_1_128' title='bbox 458 1192 577 1226; x_wconf 73' lang='lat' dir='ltr'><strong>tamen</strong></span> <span class='ocrx_word' id='word_1_129' title='bbox 596 1187 792 1227; x_wconf 83' lang='lat' dir='ltr'><strong>videbatur</strong></span> <span class='ocrx_word' id='word_1_130' title='bbox 818 1187 889 1224; x_wconf 90' lang='lat' dir='ltr'><strong>sub</strong></span> <span class='ocrx_word' id='word_1_131' title='bbox 915 1187 1096 1236; x_wconf 78' lang='lat' dir='ltr'><strong>prioribus</strong></span> <span class='ocrx_word' id='word_1_132' title='bbox 1123 1189 1274 1237; x_wconf 73' lang='lat' dir='ltr'><strong>regibus</strong></span> <span class='ocrx_word' id='word_1_133' title='bbox 1301 1190 1435 1238; x_wconf 82' lang='lat' dir='ltr'><strong>optime</strong></span> <span class='ocrx_word' id='word_1_134' title='bbox 1460 1190 1637 1226; x_wconf 75' lang='lat' dir='ltr'><strong>instructa</strong></span> <span class='ocrx_word' id='word_1_135' title='bbox 1663 1199 1762 1234; x_wconf 64' lang='lat' dir='ltr'><strong>eme,</strong></span> 
     </span>
     <span class='ocr_line' id='line_1_15' title="bbox 161 1264 1764 1316; baseline -0.002 -9"><span class='ocrx_word' id='word_1_136' title='bbox 161 1280 262 1307; x_wconf 89' lang='lat' dir='ltr'><strong>novo</strong></span> <span class='ocrx_word' id='word_1_137' title='bbox 289 1269 452 1304; x_wconf 80' lang='lat' dir='ltr'><strong>instituto</strong></span> <span class='ocrx_word' id='word_1_138' title='bbox 488 1268 540 1303; x_wconf 82' lang='lat' dir='ltr'><strong>ita</strong></span> <span class='ocrx_word' id='word_1_139' title='bbox 574 1265 759 1303; x_wconf 79' lang='lat' dir='ltr'><strong>ordinavit</strong></span> <span class='ocrx_word' id='word_1_140' title='bbox 785 1265 999 1303; x_wconf 71' lang='lat' dir='ltr'><strong>Eridericus</strong></span> <span class='ocrx_word' id='word_1_141' title='bbox 1027 1264 1249 1313; x_wconf 76' lang='lat' dir='ltr'><strong>Guilelmus,</strong></span> <span class='ocrx_word' id='word_1_142' title='bbox 1284 1270 1324 1304; x_wconf 86' lang='lat' dir='ltr'><strong>ut</strong></span> <span class='ocrx_word' id='word_1_143' title='bbox 1361 1278 1467 1316; x_wconf 77' lang='lat' dir='ltr'><strong>quum</strong></span> <span class='ocrx_word' id='word_1_144' title='bbox 1498 1268 1602 1316; x_wconf 72' lang='lat' dir='ltr'><strong>prius</strong></span> <span class='ocrx_word' id='word_1_145' title='bbox 1632 1267 1764 1305; x_wconf 78' lang='lat' dir='ltr'><strong>milites</strong></span> 
     </span>
     <span class='ocr_line' id='line_1_16' title="bbox 162 1345 1764 1396; baseline -0.001 -11"><span class='ocrx_word' id='word_1_146' title='bbox 162 1358 293 1396; x_wconf 87' lang='lat' dir='ltr'><strong>magna</strong></span> <span class='ocrx_word' id='word_1_147' title='bbox 329 1357 378 1383; x_wconf 88' lang='lat' dir='ltr'><strong>ex</strong></span> <span class='ocrx_word' id='word_1_148' title='bbox 414 1349 518 1396; x_wconf 86' lang='lat' dir='ltr'><strong>parte</strong></span> <span class='ocrx_word' id='word_1_149' title='bbox 545 1346 759 1383; x_wconf 82' lang='lat' dir='ltr'><strong>mercenarii</strong></span> <span class='ocrx_word' id='word_1_150' title='bbox 793 1347 937 1390; x_wconf 82' lang='lat' dir='ltr'><strong>essent,</strong></span> <span class='ocrx_word' id='word_1_151' title='bbox 971 1355 1084 1393; x_wconf 84' lang='lat' dir='ltr'><strong>aegre</strong></span> <span class='ocrx_word' id='word_1_152' title='bbox 1116 1346 1178 1382; x_wconf 86' lang='lat' dir='ltr'><strong>isti</strong></span> <span class='ocrx_word' id='word_1_153' title='bbox 1210 1346 1339 1396; x_wconf 85' lang='lat' dir='ltr'><strong>poenis</strong></span> <span class='ocrx_word' id='word_1_154' title='bbox 1373 1345 1635 1396; x_wconf 80' lang='lat' dir='ltr'><strong>suppliciisque</strong></span> <span class='ocrx_word' id='word_1_155' title='bbox 1661 1350 1764 1384; x_wconf 74' lang='lat' dir='ltr'><strong>atre·-</strong></span> 
     </span>
     <span class='ocr_line' id='line_1_17' title="bbox 163 1424 1764 1471; baseline -0.001 -7"><span class='ocrx_word' id='word_1_156' title='bbox 163 1428 319 1464; x_wconf 86' lang='lat' dir='ltr'><strong>cissimis</strong></span> <span class='ocrx_word' id='word_1_157' title='bbox 346 1424 515 1471; x_wconf 85' lang='lat' dir='ltr'><strong>cohibiti,</strong></span> <span class='ocrx_word' id='word_1_158' title='bbox 550 1426 664 1463; x_wconf 86' lang='lat' dir='ltr'><strong>ceteri</strong></span> <span class='ocrx_word' id='word_1_159' title='bbox 698 1436 792 1462; x_wconf 89' lang='lat' dir='ltr'><strong>vero</strong></span> <span class='ocrx_word' id='word_1_160' title='bbox 827 1435 878 1461; x_wconf 85' lang='lat' dir='ltr'><strong>ex</strong></span> <span class='ocrx_word' id='word_1_161' title='bbox 912 1424 1145 1461; x_wconf 83' lang='lat' dir='ltr'><strong>inferioribus</strong></span> <span class='ocrx_word' id='word_1_162' title='bbox 1178 1425 1422 1463; x_wconf 85' lang='lat' dir='ltr'><strong>subiectorum</strong></span> <span class='ocrx_word' id='word_1_163' title='bbox 1455 1425 1636 1462; x_wconf 73' lang='lat' dir='ltr'><strong>classibus</strong></span> <span class='ocrx_word' id='word_1_164' title='bbox 1672 1436 1764 1462; x_wconf 88' lang='lat' dir='ltr'><strong>cou-</strong></span> 
     </span>
     <span class='ocr_line' id='line_1_18' title="bbox 162 1503 1764 1555; baseline -0.001 -13"><span class='ocrx_word' id='word_1_165' title='bbox 162 1504 419 1548; x_wconf 84' lang='lat' dir='ltr'><strong>scriberentur,</strong></span> <span class='ocrx_word' id='word_1_166' title='bbox 447 1508 484 1541; x_wconf 91' lang='lat' dir='ltr'><strong>et</strong></span> <span class='ocrx_word' id='word_1_167' title='bbox 510 1515 578 1554; x_wconf 90' lang='lat' dir='ltr'><strong>per</strong></span> <span class='ocrx_word' id='word_1_168' title='bbox 604 1504 750 1552; x_wconf 76' lang='lat' dir='ltr'><strong>longam</strong></span> <span class='ocrx_word' id='word_1_169' title='bbox 776 1514 947 1539; x_wconf 80' lang='lat' dir='ltr'><strong>annorum</strong></span> <span class='ocrx_word' id='word_1_170' title='bbox 974 1504 1106 1540; x_wconf 83' lang='lat' dir='ltr'><strong>seriem</strong></span> <span class='ocrx_word' id='word_1_171' title='bbox 1122 1505 1362 1541; x_wconf 70' lang='lat' dir='ltr'><strong>retinerentur</strong></span> <span class='ocrx_word' id='word_1_172' title='bbox 1386 1505 1424 1540; x_wconf 82' lang='lat' dir='ltr'><strong>iu</strong></span> <span class='ocrx_word' id='word_1_173' title='bbox 1440 1503 1642 1555; x_wconf 79' lang='lat' dir='ltr'><strong>manipulis,</strong></span> <span class='ocrx_word' id='word_1_174' title='bbox 1668 1515 1764 1542; x_wconf 86' lang='lat' dir='ltr'><strong>nunc</strong></span> 
     </span>
     <span class='ocr_line' id='line_1_19' title="bbox 162 1581 1764 1633; baseline 0.001 -14"><span class='ocrx_word' id='word_1_175' title='bbox 162 1582 346 1633; x_wconf 83' lang='lat' dir='ltr'><strong>stipendia</strong></span> <span class='ocrx_word' id='word_1_176' title='bbox 373 1582 626 1619; x_wconf 81' lang='lat' dir='ltr'><strong>honestissima</strong></span> <span class='ocrx_word' id='word_1_177' title='bbox 653 1582 755 1620; x_wconf 80' lang='lat' dir='ltr'><strong>facili</strong></span> <span class='ocrx_word' id='word_1_178' title='bbox 783 1581 960 1630; x_wconf 87' lang='lat' dir='ltr'><strong>obsequio</strong></span> <span class='ocrx_word' id='word_1_179' title='bbox 977 1587 1181 1620; x_wconf 88' lang='lat' dir='ltr'><strong>mereantur</strong></span> <span class='ocrx_word' id='word_1_180' title='bbox 1209 1585 1314 1622; x_wconf 84' lang='lat' dir='ltr'><strong>cives</strong></span> <span class='ocrx_word' id='word_1_181' title='bbox 1339 1584 1513 1630; x_wconf 80' lang='lat' dir='ltr'><strong>universi,</strong></span> <span class='ocrx_word' id='word_1_182' title='bbox 1540 1594 1608 1621; x_wconf 87' lang='lat' dir='ltr'><strong>seu</strong></span> <span class='ocrx_word' id='word_1_183' title='bbox 1633 1586 1764 1632; x_wconf 80' lang='lat' dir='ltr'><strong>sponte</strong></span> 
     </span>
     <span class='ocr_line' id='line_1_20' title="bbox 162 1659 1763 1713; baseline 0.001 -14"><span class='ocrx_word' id='word_1_184' title='bbox 162 1664 305 1711; x_wconf 81' lang='lat' dir='ltr'><strong>sumpta</strong></span> <span class='ocrx_word' id='word_1_185' title='bbox 331 1661 457 1697; x_wconf 84' lang='lat' dir='ltr'><strong>militia</strong></span> <span class='ocrx_word' id='word_1_186' title='bbox 482 1662 566 1699; x_wconf 91' lang='lat' dir='ltr'><strong>sive</strong></span> <span class='ocrx_word' id='word_1_187' title='bbox 592 1664 688 1699; x_wconf 90' lang='lat' dir='ltr'><strong>iusto</strong></span> <span class='ocrx_word' id='word_1_188' title='bbox 716 1659 875 1706; x_wconf 88' lang='lat' dir='ltr'><strong>delectu,</strong></span> <span class='ocrx_word' id='word_1_189' title='bbox 903 1664 941 1697; x_wconf 87' lang='lat' dir='ltr'><strong>et</strong></span> <span class='ocrx_word' id='word_1_190' title='bbox 966 1661 1022 1698; x_wconf 92' lang='lat' dir='ltr'><strong>illi</strong></span> <span class='ocrx_word' id='word_1_191' title='bbox 1047 1665 1133 1712; x_wconf 90' lang='lat' dir='ltr'><strong>post</strong></span> <span class='ocrx_word' id='word_1_192' title='bbox 1158 1674 1304 1708; x_wconf 81' lang='lat' dir='ltr'><strong>annum,</strong></span> <span class='ocrx_word' id='word_1_193' title='bbox 1330 1661 1367 1699; x_wconf 88' lang='lat' dir='ltr'><strong>hi</strong></span> <span class='ocrx_word' id='word_1_194' title='bbox 1395 1665 1480 1712; x_wconf 89' lang='lat' dir='ltr'><strong>post</strong></span> <span class='ocrx_word' id='word_1_195' title='bbox 1506 1663 1649 1699; x_wconf 86' lang='lat' dir='ltr'><strong>triennii</strong></span> <span class='ocrx_word' id='word_1_196' title='bbox 1675 1673 1763 1713; x_wconf 79' lang='lat' dir='ltr'><strong>spa-</strong></span> 
     </span>
     <span class='ocr_line' id='line_1_21' title="bbox 163 1739 1763 1791; baseline 0.001 -13"><span class='ocrx_word' id='word_1_197' title='bbox 163 1743 249 1778; x_wconf 89' lang='lat' dir='ltr'><strong>tium</strong></span> <span class='ocrx_word' id='word_1_198' title='bbox 268 1744 563 1787; x_wconf 84' lang='lat' dir='ltr'><strong>exauctorentur,</strong></span> <span class='ocrx_word' id='word_1_199' title='bbox 590 1740 809 1789; x_wconf 86' lang='lat' dir='ltr'><strong>temporaria</strong></span> <span class='ocrx_word' id='word_1_200' title='bbox 834 1739 990 1789; x_wconf 84' lang='lat' dir='ltr'><strong>posthac</strong></span> <span class='ocrx_word' id='word_1_201' title='bbox 1016 1742 1143 1779; x_wconf 82' lang='lat' dir='ltr'><strong>militia</strong></span> <span class='ocrx_word' id='word_1_202' title='bbox 1167 1754 1241 1780; x_wconf 89' lang='lat' dir='ltr'><strong>non</strong></span> <span class='ocrx_word' id='word_1_203' title='bbox 1268 1743 1411 1779; x_wconf 88' lang='lat' dir='ltr'><strong>nimium</strong></span> <span class='ocrx_word' id='word_1_204' title='bbox 1427 1742 1582 1779; x_wconf 82' lang='lat' dir='ltr'><strong>molesta</strong></span> <span class='ocrx_word' id='word_1_205' title='bbox 1609 1746 1763 1791; x_wconf 86' lang='lat' dir='ltr'><strong>quotan-</strong></span> 
     </span>
     <span class='ocr_line' id='line_1_22' title="bbox 167 1818 1763 1867; baseline 0.002 -13"><span class='ocrx_word' id='word_1_206' title='bbox 167 1821 220 1855; x_wconf 88' lang='lat' dir='ltr'><strong>nis</strong></span> <span class='ocrx_word' id='word_1_207' title='bbox 248 1818 495 1865; x_wconf 85' lang='lat' dir='ltr'><strong>exercitandi,</strong></span> <span class='ocrx_word' id='word_1_208' title='bbox 527 1821 704 1867; x_wconf 87' lang='lat' dir='ltr'><strong>civesque</strong></span> <span class='ocrx_word' id='word_1_209' title='bbox 732 1823 769 1855; x_wconf 90' lang='lat' dir='ltr'><strong>et</strong></span> <span class='ocrx_word' id='word_1_210' title='bbox 796 1819 927 1856; x_wconf 85' lang='lat' dir='ltr'><strong>milites</strong></span> <span class='ocrx_word' id='word_1_211' title='bbox 954 1831 1026 1857; x_wconf 91' lang='lat' dir='ltr'><strong>non</strong></span> <span class='ocrx_word' id='word_1_212' title='bbox 1053 1825 1093 1858; x_wconf 91' lang='lat' dir='ltr'><strong>ut</strong></span> <span class='ocrx_word' id='word_1_213' title='bbox 1119 1824 1228 1858; x_wconf 86' lang='lat' dir='ltr'><strong>antea</strong></span> <span class='ocrx_word' id='word_1_214' title='bbox 1254 1820 1361 1858; x_wconf 85' lang='lat' dir='ltr'><strong>alteri</strong></span> <span class='ocrx_word' id='word_1_215' title='bbox 1387 1821 1434 1858; x_wconf 85' lang='lat' dir='ltr'><strong>ab</strong></span> <span class='ocrx_word' id='word_1_216' title='bbox 1460 1821 1588 1859; x_wconf 86' lang='lat' dir='ltr'><strong>alteris</strong></span> <span class='ocrx_word' id='word_1_217' title='bbox 1614 1822 1763 1859; x_wconf 78' lang='lat' dir='ltr'><strong>alienati</strong></span> 
     </span>
     <span class='ocr_line' id='line_1_23' title="bbox 165 1898 1762 1950; baseline 0.003 -16"><span class='ocrx_word' id='word_1_218' title='bbox 165 1899 249 1942; x_wconf 88' lang='lat' dir='ltr'><strong>siut,</strong></span> <span class='ocrx_word' id='word_1_219' title='bbox 275 1899 343 1936; x_wconf 88' lang='lat' dir='ltr'><strong>sed</strong></span> <span class='ocrx_word' id='word_1_220' title='bbox 369 1901 406 1935; x_wconf 91' lang='lat' dir='ltr'><strong>in</strong></span> <span class='ocrx_word' id='word_1_221' title='bbox 433 1911 540 1936; x_wconf 89' lang='lat' dir='ltr'><strong>unum</strong></span> <span class='ocrx_word' id='word_1_222' title='bbox 559 1900 662 1947; x_wconf 81' lang='lat' dir='ltr'><strong>quasi</strong></span> <span class='ocrx_word' id='word_1_223' title='bbox 680 1898 882 1936; x_wconf 81' lang='lat' dir='ltr'><strong>coaluerint</strong></span> <span class='ocrx_word' id='word_1_224' title='bbox 901 1910 1046 1949; x_wconf 90' lang='lat' dir='ltr'><strong>corpus.</strong></span> <span class='ocrx_word' id='word_1_225' title='bbox 1100 1900 1195 1947; x_wconf 74' lang='lat' dir='ltr'><strong>Fuit,</strong></span> <span class='ocrx_word' id='word_1_226' title='bbox 1223 1913 1329 1950; x_wconf 85' lang='lat' dir='ltr'><strong>quum</strong></span> <span class='ocrx_word' id='word_1_227' title='bbox 1348 1900 1549 1938; x_wconf 78' lang='lat' dir='ltr'><strong>Bornssiae</strong></span> <span class='ocrx_word' id='word_1_228' title='bbox 1573 1902 1665 1939; x_wconf 86' lang='lat' dir='ltr'><strong>vitio</strong></span> <span class='ocrx_word' id='word_1_229' title='bbox 1693 1900 1762 1939; x_wconf 80' lang='lat' dir='ltr'><strong>da-</strong></span> 
     </span>
     <span class='ocr_line' id='line_1_24' title="bbox 164 1977 1764 2030; baseline 0.003 -18"><span class='ocrx_word' id='word_1_230' title='bbox 164 1980 278 2020; x_wconf 85' lang='lat' dir='ltr'><strong>retur,</strong></span> <span class='ocrx_word' id='word_1_231' title='bbox 304 1977 400 2024; x_wconf 88' lang='lat' dir='ltr'><strong>quod</strong></span> <span class='ocrx_word' id='word_1_232' title='bbox 419 1980 560 2014; x_wconf 87' lang='lat' dir='ltr'><strong>nimium</strong></span> <span class='ocrx_word' id='word_1_233' title='bbox 578 1978 742 2015; x_wconf 81' lang='lat' dir='ltr'><strong>militaris</strong></span> <span class='ocrx_word' id='word_1_234' title='bbox 768 1980 885 2013; x_wconf 86' lang='lat' dir='ltr'><strong>esset:</strong></span> <span class='ocrx_word' id='word_1_235' title='bbox 911 1977 981 2013; x_wconf 86' lang='lat' dir='ltr'><strong>sed</strong></span> <span class='ocrx_word' id='word_1_236' title='bbox 998 1978 1110 2014; x_wconf 89' lang='lat' dir='ltr'><strong>ultimi</strong></span> <span class='ocrx_word' id='word_1_237' title='bbox 1130 1979 1325 2016; x_wconf 81' lang='lat' dir='ltr'><strong>beatissimi</strong></span> <span class='ocrx_word' id='word_1_238' title='bbox 1343 1978 1460 2029; x_wconf 82' lang='lat' dir='ltr'><strong>Regis</strong></span> <span class='ocrx_word' id='word_1_239' title='bbox 1486 1980 1573 2016; x_wconf 83' lang='lat' dir='ltr'><strong>anni</strong></span> <span class='ocrx_word' id='word_1_240' title='bbox 1597 1981 1636 2015; x_wconf 89' lang='lat' dir='ltr'><strong>in</strong></span> <span class='ocrx_word' id='word_1_241' title='bbox 1660 1984 1764 2030; x_wconf 84' lang='lat' dir='ltr'><strong>parte</strong></span> 
     </span>
     <span class='ocr_line' id='line_1_25' title="bbox 165 2055 1763 2110; baseline 0.002 -16"><span class='ocrx_word' id='word_1_242' title='bbox 165 2055 393 2107; x_wconf 84' lang='lat' dir='ltr'><strong>reipublicae</strong></span> <span class='ocrx_word' id='word_1_243' title='bbox 421 2055 533 2094; x_wconf 80' lang='lat' dir='ltr'><strong>valde</strong></span> <span class='ocrx_word' id='word_1_244' title='bbox 560 2056 711 2095; x_wconf 87' lang='lat' dir='ltr'><strong>diversa</strong></span> <span class='ocrx_word' id='word_1_245' title='bbox 736 2057 852 2093; x_wconf 80' lang='lat' dir='ltr'><strong>variis</strong></span> <span class='ocrx_word' id='word_1_246' title='bbox 880 2055 1031 2094; x_wconf 86' lang='lat' dir='ltr'><strong>obnoxii</strong></span> <span class='ocrx_word' id='word_1_247' title='bbox 1065 2058 1211 2097; x_wconf 89' lang='lat' dir='ltr'><strong>iudiciis</strong></span> <span class='ocrx_word' id='word_1_248' title='bbox 1246 2059 1402 2096; x_wconf 76' lang='lat' dir='ltr'><strong>fuerunt.</strong></span> <span class='ocrx_word' id='word_1_249' title='bbox 1457 2058 1599 2109; x_wconf 82' lang='lat' dir='ltr'><strong>Quippe</strong></span> <span class='ocrx_word' id='word_1_250' title='bbox 1625 2059 1763 2110; x_wconf 84' lang='lat' dir='ltr'><strong>pridem</strong></span> 
     </span>
     <span class='ocr_line' id='line_1_26' title="bbox 168 2133 1763 2187; baseline 0.005 -19"><span class='ocrx_word' id='word_1_251' title='bbox 168 2134 222 2169; x_wconf 88' lang='lat' dir='ltr'><strong>illi</strong></span> <span class='ocrx_word' id='word_1_252' title='bbox 249 2133 353 2170; x_wconf 87' lang='lat' dir='ltr'><strong>cordi</strong></span> <span class='ocrx_word' id='word_1_253' title='bbox 379 2134 501 2173; x_wconf 84' lang='lat' dir='ltr'><strong>fuerat</strong></span> <span class='ocrx_word' id='word_1_254' title='bbox 534 2138 671 2172; x_wconf 89' lang='lat' dir='ltr'><strong>certum</strong></span> <span class='ocrx_word' id='word_1_255' title='bbox 699 2133 874 2182; x_wconf 83' lang='lat' dir='ltr'><strong>quendam</strong></span> <span class='ocrx_word' id='word_1_256' title='bbox 901 2134 1064 2174; x_wconf 87' lang='lat' dir='ltr'><strong>ordinem</strong></span> <span class='ocrx_word' id='word_1_257' title='bbox 1090 2148 1275 2176; x_wconf 77' lang='lat' dir='ltr'><strong>sacrorum</strong></span> <span class='ocrx_word' id='word_1_258' title='bbox 1308 2137 1547 2184; x_wconf 80' lang='lat' dir='ltr'><strong>constituere,</strong></span> <span class='ocrx_word' id='word_1_259' title='bbox 1582 2149 1656 2175; x_wconf 89' lang='lat' dir='ltr'><strong>non</strong></span> <span class='ocrx_word' id='word_1_260' title='bbox 1691 2149 1763 2187; x_wconf 89' lang='lat' dir='ltr'><strong>quo</strong></span> 
     </span>
     <span class='ocr_line' id='line_1_27' title="bbox 169 2209 1763 2267; baseline 0.004 -21"><span class='ocrx_word' id='word_1_261' title='bbox 169 2209 314 2247; x_wconf 89' lang='lat' dir='ltr'><strong>deditus</strong></span> <span class='ocrx_word' id='word_1_262' title='bbox 342 2216 569 2252; x_wconf 84' lang='lat' dir='ltr'><strong>caerimoniis</strong></span> <span class='ocrx_word' id='word_1_263' title='bbox 596 2217 697 2251; x_wconf 90' lang='lat' dir='ltr'><strong>esset</strong></span> <span class='ocrx_word' id='word_1_264' title='bbox 723 2216 785 2250; x_wconf 89' lang='lat' dir='ltr'><strong>aut</strong></span> <span class='ocrx_word' id='word_1_265' title='bbox 810 2216 1069 2263; x_wconf 87' lang='lat' dir='ltr'><strong>superstitione</strong></span> <span class='ocrx_word' id='word_1_266' title='bbox 1103 2215 1240 2253; x_wconf 83' lang='lat' dir='ltr'><strong>alenda</strong></span> <span class='ocrx_word' id='word_1_267' title='bbox 1266 2216 1384 2253; x_wconf 87' lang='lat' dir='ltr'><strong>vellet</strong></span> <span class='ocrx_word' id='word_1_268' title='bbox 1415 2218 1599 2267; x_wconf 83' lang='lat' dir='ltr'><strong>imperium</strong></span> <span class='ocrx_word' id='word_1_269' title='bbox 1626 2217 1763 2254; x_wconf 80' lang='lat' dir='ltr'><strong>confir.-</strong></span> 
     </span>
     <span class='ocr_line' id='line_1_28' title="bbox 167 2293 1764 2345; baseline 0.004 -19"><span class='ocrx_word' id='word_1_270' title='bbox 167 2299 282 2326; x_wconf 84' lang='lat' dir='ltr'><strong>mare:</strong></span> <span class='ocrx_word' id='word_1_271' title='bbox 316 2301 411 2328; x_wconf 83' lang='lat' dir='ltr'><strong>vera</strong></span> <span class='ocrx_word' id='word_1_272' title='bbox 447 2293 539 2329; x_wconf 89' lang='lat' dir='ltr'><strong>enim</strong></span> <span class='ocrx_word' id='word_1_273' title='bbox 573 2296 708 2343; x_wconf 72' lang='lat' dir='ltr'><strong>pietate</strong></span> <span class='ocrx_word' id='word_1_274' title='bbox 743 2293 829 2342; x_wconf 87' lang='lat' dir='ltr'><strong>quin</strong></span> <span class='ocrx_word' id='word_1_275' title='bbox 864 2293 1020 2332; x_wconf 78' lang='lat' dir='ltr'><strong>imbutus</strong></span> <span class='ocrx_word' id='word_1_276' title='bbox 1054 2294 1165 2332; x_wconf 86' lang='lat' dir='ltr'><strong>fuerit</strong></span> <span class='ocrx_word' id='word_1_277' title='bbox 1198 2306 1348 2345; x_wconf 86' lang='lat' dir='ltr'><strong>eamque</strong></span> <span class='ocrx_word' id='word_1_278' title='bbox 1382 2296 1420 2332; x_wconf 90' lang='lat' dir='ltr'><strong>in</strong></span> <span class='ocrx_word' id='word_1_279' title='bbox 1456 2295 1589 2333; x_wconf 87' lang='lat' dir='ltr'><strong>civium</strong></span> <span class='ocrx_word' id='word_1_280' title='bbox 1624 2297 1764 2335; x_wconf 82' lang='lat' dir='ltr'><strong>animos</strong></span> 
     </span>
     <span class='ocr_line' id='line_1_29' title="bbox 167 2367 1764 2425; baseline 0.002 -18"><span class='ocrx_word' id='word_1_281' title='bbox 167 2367 342 2419; x_wconf 85' lang='lat' dir='ltr'><strong>exemplo</strong></span> <span class='ocrx_word' id='word_1_282' title='bbox 369 2382 437 2408; x_wconf 91' lang='lat' dir='ltr'><strong>suo</strong></span> <span class='ocrx_word' id='word_1_283' title='bbox 464 2373 696 2423; x_wconf 78' lang='lat' dir='ltr'><strong>propagarit,</strong></span> <span class='ocrx_word' id='word_1_284' title='bbox 722 2385 826 2414; x_wconf 91' lang='lat' dir='ltr'><strong>nemo</strong></span> <span class='ocrx_word' id='word_1_285' title='bbox 855 2381 912 2414; x_wconf 86' lang='lat' dir='ltr'><strong>est</strong></span> <span class='ocrx_word' id='word_1_286' title='bbox 938 2379 999 2424; x_wconf 89' lang='lat' dir='ltr'><strong>qui</strong></span> <span class='ocrx_word' id='word_1_287' title='bbox 1027 2374 1184 2412; x_wconf 79' lang='lat' dir='ltr'><strong>dubitet:</strong></span> <span class='ocrx_word' id='word_1_288' title='bbox 1210 2374 1297 2421; x_wconf 91' lang='lat' dir='ltr'><strong>sed,</strong></span> <span class='ocrx_word' id='word_1_289' title='bbox 1333 2376 1370 2411; x_wconf 88' lang='lat' dir='ltr'><strong>ni</strong></span> <span class='ocrx_word' id='word_1_290' title='bbox 1396 2374 1517 2423; x_wconf 74' lang='lat' dir='ltr'><strong>fallor,</strong></span> <span class='ocrx_word' id='word_1_291' title='bbox 1543 2374 1764 2425; x_wconf 68' lang='lat' dir='ltr'><strong>quodjudi-</strong></span> 
     </span>
    </p>
   </div>
  </div>
 </body>
</html>
