1955 2677
970 90 994 125 4

875 139 1090 155 m

183 211 351 258 facilitas,
379 224 425 249 ea
451 212 533 248 mihi
562 223 641 249 cum
669 214 789 260 optimi
808 210 923 258 Regis
951 209 1051 246 obitu
1071 209 1215 247 videtur
1242 213 1424 249 exstincta
1450 224 1535 251 esse
1561 215 1650 263 ipsa.
1705 213 1778 250 Ni-

182 292 306 326 mirum
341 291 400 336 qui
436 300 492 325 me
526 288 661 325 abdere
695 291 815 336 potius
856 289 892 323 in
927 286 1159 324 solitudinem
1199 291 1237 324 et
1271 291 1402 326 tacitus
1438 301 1576 328 mecum
1608 295 1778 342 reputare

185 367 363 415 Principis
392 366 553 403 defuncti
580 367 754 410 virtutes,
787 366 919 403 tacitus
946 364 1076 403 dolere
1103 366 1272 403 acerbum
1300 378 1423 404 casum
1451 369 1679 420 cupiveram,
1707 369 1777 406 ali—

185 457 254 494 quo
283 444 427 493 quidem
454 444 502 481 ad
520 442 766 493 colligendum
793 445 943 480 animum
970 447 1131 494 tempore
1159 456 1354 483 concesso*
1369 446 1560 496 protrahor
1586 448 1623 483 in
1649 447 1778 493 lucem,

184 536 287 573 quam
314 524 412 562 ferre
439 535 510 561 non
537 525 682 573 possim,
708 526 1115 574 tamquam-aegrotum,
1145 524 1204 560 cui
1230 524 1405 562 tenebrae
1431 524 1657 563 lenimentum
1685 526 1776 564 affe-

185 608 275 648 rant,
304 603 439 652 fulgori
469 602 561 638 solis
588 601 779 639 tolerando
808 606 1036 651 exposueris·
1091 602 1270 640 Abiectus
1289 605 1408 652 ‚igitur
1434 605 1570 641 animus
1598 607 1673 650 est3
1709 603 1778 641 de-

185 693 296 731 spero
325 681 372 718 de
399 685 498 717 tanto
526 691 673 717 munere
701 679 905 730 explendo,
941 682 1108 727 quantum
1140 680 1224 717 mihi
1251 692 1274 717 a
1299 681 1426 727 vobis,
1460 681 1632 731 collegae
1659 683 1777 720 caris-

185 762 275 805 simi,
304 771 383 796 mea
410 771 481 796 non
509 762 580 795 tam
608 759 772 796 sollertia
800 768 904 806 quam
930 759 1121 796 voluntate
1147 761 1287 796 nimium
1315 760 1418 797 fretis
1446 760 1557 798 hodie
1578 760 1778 798 mandatum

185 842 252 875 est.
308 839 434 877 Dicam
460 841 578 875 tamen
613 842 651 875 ut
677 840 827 888 potero,
865 836 1008 886 quando
1044 848 1116 875 non
1145 850 1291 888 possum
1324 842 1363 876 ut
1389 839 1491 878 volo.
1545 839 1713 888 Denique
1740 844 1779 877 ut

184 921 319 955 tantum
353 930 409 955 me
444 918 650 955 confirmem
685 922 852 965 quantum
890 918 969 955 fieri
1002 921 1142 967 potest,
1178 929 1249 955 non
1279 918 1476 968 indulgebo
1504 920 1676 966 lacrimis,
1710 918 1778 957 sed

184 996 392 1046 temperabo
420 996 665 1033 lamentationi
691 996 920 1044 vocibusque
946 995 1145 1041 flebilibus,
1179 1007 1273 1044 quae
1299 1008 1345 1034 ne
1374 996 1509 1034 decere
1538 996 1680 1044 quidem
1706 1000 1779 1036 viri

185 1074 291 1111 fortis
318 1076 519 1125 parentalia
546 1074 733 1112 videntur:
760 1086 941 1113 revocare
961 1074 1188 1121 aliquatenus
1215 1087 1238 1111 a
1264 1075 1384 1113 luctus
1412 1076 1610 1113 acerbitate
1637 1081 1675 1114 et
1700 1088 1777 1115 me-

184 1158 255 1191 met
288 1156 403 1205 ipsum
440 1159 477 1191 et
504 1166 575 1192 vos
603 1154 765 1192 conabor
798 1158 835 1191 et
861 1155 1005 1202 erigere
1033 1157 1171 1191 mentes
1197 1154 1315 1203 Regis
1343 1153 1566 1193 dilectissimi
1601 1167 1674 1193 non
1707 1160 1777 1193 tam

184 1237 318 1278 morte,
351 1244 422 1280 qua
455 1233 617 1282 perculsi
652 1246 791 1278 sumus,
827 1244 931 1279 quam
966 1234 1064 1278 vita,
1101 1243 1194 1279 quae
1222 1232 1385 1278 civibus,
1421 1244 1538 1282 regno
1567 1234 1777 1281 Borussico‚

184 1311 357 1361 Europae
384 1312 580 1349 universae
608 1311 778 1349 salutaris
805 1310 873 1348 fuit
900 1314 937 1347 et
963 1314 1031 1356 est,
1059 1310 1178 1359 quoad
1206 1315 1307 1349 vires
1334 1323 1436 1350 meae
1463 1312 1658 1360 sufficiunt,
1686 1325 1778 1351 con-

184 1390 398 1441 templanda.
1381 1381 1383 1383 ’

345 1469 467 1506 Vitam
495 1470 556 1506 ubi
584 1468 680 1515 dico,
708 1481 871 1519 magnum
899 1468 983 1506 dico
1011 1473 1048 1506 et
1075 1470 1187 1506 maius
1214 1468 1382 1517 quiddam
1401 1469 1559 1507 fortasse
1587 1482 1690 1518 quam
1717 1473 1777 1508 vi-

185 1549 287 1586 deor.
340 1548 430 1584 Non
458 1550 550 1585 euim
577 1547 670 1586 haec
705 1549 788 1585 sola
813 1552 891 1586 vita
925 1553 999 1593 est,
1033 1560 1136 1596 quam
1164 1550 1296 1586 vivunt
1323 1560 1480 1599 corpora
1507 1553 1633 1586 nostra
1669 1556 1707 1586 et
1739 1554 1776 1586 in

185 1639 342 1678 corpore
376 1629 511 1673 anima,
547 1627 615 1664 sed
647 1627 768 1664 futura
794 1629 873 1665 vita
908 1628 1070 1674 sequitur
1096 1627 1190 1664 hanc
1224 1632 1260 1664 in
1296 1630 1405 1664 terris
1438 1633 1571 1674 actam,
1605 1631 1777 1665 constans

184 1707 249 1743 illa
276 1711 313 1743 et
340 1711 515 1756 perpetua
541 1706 635 1743 hanc
662 1707 794 1743 fluxam
823 1710 860 1743 et
878 1707 1056 1755 fragilem.
1110 1707 1285 1744 Profecto
1313 1711 1345 1743 si
1373 1707 1459 1754 quid
1487 1710 1554 1753 est,
1582 1706 1679 1754 quod
1708 1719 1776 1744 no-

186 1786 241 1823 bis
267 1786 452 1823 meliorem
479 1796 578 1836 spem
604 1784 779 1822 moriendi
807 1786 952 1831 offerat,
980 1784 1078 1833 quod
1106 1785 1290 1823 consolari
1318 1797 1401 1831 eos,
1431 1787 1491 1834 qui
1518 1786 1687 1835 lugentes
1715 1798 1776 1823 re-

186 1865 410 1913 linquuntur,
445 1864 493 1901 de
521 1865 622 1901 obitu
648 1867 724 1901 cari
752 1864 903 1901 hominis
930 1866 1062 1915 possit,
1095 1864 1272 1912 quodnam
1299 1865 1465 1901 solatium
1492 1869 1551 1902 est
1578 1865 1775 1911 efficacius,

185 1943 284 1992 quod
304 1948 340 1981 et
356 1943 574 1994 philosopho
602 1947 640 1981 et
658 1943 800 1981 homine
819 1942 1026 1981 Christiano
1046 1942 1201 1992 dignius,
1229 1955 1332 1991 quam
1351 1942 1450 1991 quod
1469 1955 1541 1980 non
1558 1942 1668 1980 modo
1686 1955 1775 1994 spe-

184 2036 303 2061 ramus
328 2028 367 2060 et
394 2023 585 2069 credimus,
611 2023 679 2060 ned
708 2026 840 2061 scimus
861 2025 1027 2073 corporis
1053 2023 1109 2059 his
1128 2023 1287 2061 vinculis
1305 2024 1435 2060 solutis
1464 2027 1502 2059 et
1520 2023 1670 2060 effracto
1690 2034 1774 2061 car—

188 2113 272 2139 cere
297 2104 456 2149 animam,
486 2101 633 2139 divinae
652 2103 863 2151 particulam
888 2114 1009 2147 aurae,
1037 2103 1224 2139 liberatam
1249 2102 1372 2139 redire
1398 2102 1446 2137 ad
1474 2106 1652 2151 cognatos
1680 2100 1776 2138 unde

186 2180 352 2231 profecta
371 2185 427 2218 est
449 2192 623 2231 superos:
657 2192 761 2229 quam
779 2192 874 2218 nunc
893 2181 1031 2229 agimus
1049 2185 1159 2219 vitam
1179 2192 1266 2218 esse
1284 2182 1619 2229 peregrinationem,
1639 2183 1773 2228 gratam

185 2270 305 2296 rerum
331 2263 511 2297 variarum
539 2260 714 2309 adspectu
743 2265 779 2297 et
806 2260 1104 2310 perlustratione,
1139 2259 1329 2297 iucundam
1355 2260 1594 2298 secundarum
1621 2259 1775 2296 affluen-

185 2341 235 2377 tia
262 2350 391 2385 rerum,
419 2338 562 2378 dulcem
591 2339 853 2389 voluptatibus3
882 2339 1033 2378 eandem
1062 2344 1159 2377 curis
1186 2340 1371 2388 turbisque
1398 2338 1594 2386 molestam,
1621 2332 1775 2377 salebris
