1955 2677
971 133 996 170 8

183 257 305 294 Patris
331 255 472 306 patriae
506 254 704 292 beatissimi
731 253 849 291 virtus
886 252 1021 299 fuisse,
1057 264 1109 291 ex
1146 265 1217 303 qua
1250 260 1437 293 manarunt
1468 257 1631 307 reliquae
1666 269 1782 309 prope

184 345 318 376 omneS,
348 345 420 381 qua
447 333 562 369 veluti
591 332 742 368 vinculo
771 332 971 367 firmissimo
999 333 1287 368 continebantur.
1340 333 1447 370 Hanc
1482 336 1629 382 publice
1654 338 1781 386 priva-

183 415 315 461 timque
343 423 521 460 nunquam
550 422 622 447 non
650 410 805 447 retinuit.
860 409 949 447 Non
978 411 1071 447 enim
1090 409 1304 449 Fridericus
1324 408 1527 449 Guilelmus
1555 412 1672 451 bonus
1700 416 1781 464 qui—

185 490 267 526 dem
295 492 466 538 princeps
494 490 579 532 fuit,
613 488 681 524 sed
708 489 876 536 privatim
904 488 1021 523 famae
1055 489 1265 537 ambiguae3
1300 500 1373 525 non
1408 489 1504 525 domi
1540 491 1673 535 bouus,
1714 492 1781 528 sed

182 568 410 617 reipublicae
446 565 633 615 gerendae
669 567 801 614 impar:
843 577 936 613 quae
971 567 1008 602 in
1041 570 1141 603 tanta
1175 566 1321 603 fortuna
1353 578 1423 604 nec
1457 569 1631 616 coniungi
1667 569 1780 609 facile

183 656 297 695 posse
323 643 495 682 videntur
522 654 592 680 nec
620 642 826 688 dissociari,
853 644 1020 692 privatae
1049 643 1291 692 publicaeque
1309 645 1464 680 virtutes
1491 646 1625 694 pariter
1652 647 1685 680 in
1714 645 1792 697 illo-

182 724 327 760 fuerunt
355 724 587 771 conspicuae.
642 721 797 758 Maritus
825 721 1022 758 fidissimus
1051 725 1089 758 et
1122 723 1403 767 amantissimus,
1437 725 1590 772 optimus
1618 724 1780 772 paterfa-

181 801 320 844 milias,
347 800 442 836 lenis
470 801 656 846 comisque
682 810 773 847 erga
801 798 1003 836 domestica
1029 799 1244 844 ministeria,
1279 799 1324 835 ab
1352 800 1460 836 aulae
1488 801 1579 836 luxu
1607 802 1657 836 ita
1684 801 1779 838 alie-

182 892 270 924 nus,
308 882 347 915 ut
373 880 476 916 victu
504 879 675 926 cultuque
704 878 912 926 quotidiano
944 880 1013 916 vix
1041 878 1174 926 privati
1202 877 1312 926 paulo
1341 879 1578 927 opulentioris
1604 879 1780 928 splendo-

183 967 256 993 rem
285 959 474 1003 aequaret,
510 957 666 1004 priscam
695 956 832 990 rettulit
858 965 993 991 morum
1028 954 1291 1002 simplicitatem
1324 957 1627 1004 severitatemque
1663 957 1781 994 utilis·

181 1037 272 1071 simo
301 1033 445 1072 civibus
474 1032 655 1081 exemplo.
709 1032 785 1069 Iam
813 1044 918 1079 quum
945 1031 1130 1080 perfectus
1157 1033 1329 1082 princeps
1364 1036 1400 1070 et
1434 1033 1644 1071 fortitudine
1672 1046 1781 1084 prae-

183 1117 283 1149 stare
311 1111 445 1149 debeat
472 1115 509 1148 et
536 1111 728 1148 clementia
752 1111 1013 1159 sapientiaque,
1040 1109 1254 1147 Fridericus
1274 1109 1476 1148 Guilelmus
1504 1123 1589 1149 sese
1616 1124 1688 1149 non
1715 1124 1779 1149 so-

182 1191 253 1226 lum
291 1191 459 1226 exercitu
495 1188 664 1224 ducendo
707 1192 744 1223 et
778 1188 921 1222 militari
957 1188 1077 1234 gloria
1118 1191 1156 1222 et
1191 1188 1379 1223 laboribus
1411 1189 1611 1225 tolerandis
1652 1191 1780 1226 fortem

182 1267 453 1316 comprobavit,
489 1265 557 1302 sed
584 1266 690 1302 etiam
720 1266 922 1302 constantia
956 1265 1061 1300 animi
1094 1265 1131 1300 in
1159 1264 1420 1302 calamitatibus
1448 1266 1666 1313 quibuslibet
1693 1279 1779 1317 per-

182 1343 362 1382 ferendis:
397 1343 492 1380 idem
520 1342 617 1379 haud
644 1343 759 1378 minus
786 1354 890 1391 quam
918 1340 1130 1379 Fridericus
1158 1341 1319 1390 Magnus
1356 1354 1436 1380 cum
1470 1344 1536 1380 illa
1569 1344 1778 1382 fortitudine

182 1426 289 1460 animi
318 1424 506 1460 coniunxit
532 1423 741 1472 sapientiam
776 1425 814 1458 et
840 1422 1035 1467 lenitatem,
1063 1432 1265 1471 germanam
1293 1420 1378 1459 dico
1406 1424 1533 1459 mentis
1560 1425 1779 1473 sapientiam,

183 1513 278 1550 quae
313 1512 382 1538 nec
419 1499 609 1538 doctrinae
642 1500 850 1549 multiplicis
887 1499 1030 1536 laudem
1057 1500 1263 1544 affectaret,
1296 1503 1334 1536 et
1368 1500 1514 1536 multum
1548 1500 1699 1538 distaret
1732 1502 1778 1539 ab

182 1581 324 1617 astutiis
358 1582 395 1616 et
431 1578 637 1624 fraudibus,
673 1579 802 1627 quibus
836 1583 875 1615 ut
909 1579 1009 1615 multi
1042 1577 1229 1626 regendos
1265 1578 1421 1628 populos
1459 1579 1693 1625 arbitrantur,
1727 1581 1778 1617 ita

182 1657 395 1695 Fridericus
416 1656 629 1701 Guilelmus,
657 1658 716 1694 vir
743 1658 994 1704 integerrimus
1022 1660 1060 1693 et
1086 1656 1331 1706 probissimus,
1359 1656 1446 1692 nihil
1473 1669 1539 1706 per
1565 1659 1654 1694 istas
1680 1661 1778 1695 artes

184 1735 382 1786 gerendum
411 1737 568 1780 censuit,
602 1734 669 1772 sed
697 1747 762 1785 per
789 1734 895 1779 fidem
924 1739 960 1772 et
987 1737 1249 1781 sinceritatem3
1278 1739 1315 1772 et
1341 1746 1495 1772 severus
1522 1735 1582 1773 ubi
1609 1748 1669 1774 res
1696 1739 1777 1774 exi-

185 1815 309 1863 gebat,
337 1816 505 1864 quotiens
532 1814 611 1851 fieri
639 1815 719 1851 sine
747 1813 894 1863 pubIIco
924 1813 1137 1851 detrimento
1166 1817 1312 1863 posset,
1346 1825 1522 1863 nunquam
1554 1826 1624 1852 non
1658 1815 1776 1853 locum

185 1893 287 1931 dedit
312 1893 538 1931 mollioribus
567 1894 762 1939 consultis,
797 1892 983 1942 prudentis
1011 1893 1223 1942 humanique
1251 1892 1382 1931 medici
1409 1894 1522 1929 instar
1548 1886 1689 1930 mitiora
1715 1906 1777 1932 re-

182 1971 304 2011 media
338 1974 414 2021 igni
449 1976 485 2009 et
520 1972 619 2009 ferro
652 1971 876 2022 praeferens.
945 1971 1095 2020 Aequus
1132 1974 1319 2020 iustusque
1357 1972 1519 2009 omnibus
1554 1983 1627 2008 nou
1660 1973 1776 2010 solum

183 2054 285 2090 cavit
318 2051 614 2099 religiosissime,
651 2063 698 2088 ne
733 2052 793 2088 cui
827 2052 931 2088 fieret
965 2052 1111 2097 iniuria,
1152 2050 1219 2087 sed
1254 2062 1425 2100 reparare
1458 2051 1617 2087 iniuriam
1653 2063 1776 2100 quam-

187 2131 274 2167 libet
302 2131 446 2168 studuit.
502 2130 589 2180 Ipse
617 2118 687 2178 quo
716 2131 833 2166 animo
862 2131 899 2165 in
935 2142 1001 2167 eos
1030 2131 1156 2177 fuerit,
1191 2142 1215 2167 a
1242 2130 1369 2178 quibus
1397 2133 1496 2167 esset
1523 2131 1650 2167 iniuria
1683 2130 1775 2168 affe-

187 2213 287 2251 ctus,
325 2209 406 2256 quis
435 2219 505 2244 nou
532 2210 568 2245 in
604 2208 794 2246 voluntate
821 2207 920 2244 illius
947 2212 1030 2245 ante
1066 2208 1134 2245 hos
1161 2206 1335 2245 tredecim
1362 2219 1476 2245 annos
1505 2207 1669 2254 condita,
1705 2221 1776 2257 qua

184 2285 448 2338 promulganda
476 2285 685 2324 Fridericus
713 2287 917 2326 Guilelmus
947 2287 1103 2333 Quartus
1137 2291 1221 2325 acta
1254 2288 1392 2338 imperii
1427 2288 1587 2336 egregie.
1605 2290 1776 2339 auspica-

183 2371 241 2404 tus
270 2369 348 2408 est,
382 2377 462 2402 cum
490 2377 626 2402 summa
645 2368 894 2412 commotione,
922 2367 1062 2405 obortis
1091 2367 1186 2405 ultro
1205 2367 1363 2405 lacrimis
1389 2365 1508 2416 legit?
1562 2366 1647 2405 Nae
1674 2366 1776 2403 istius
